<body id="ctl00_ctl00_body" class="bodyExtensible bodyWCRS001_AvecSeparateurGauche mono-univers nouvelleNav">
    <form method="post" action="/magasin-079111-Massy-Palaiseau/rayon-284557-Le-marche-Bio.aspx" id="aspnetForm" class=" drive">
<div class="aspNetHidden">
<input type="hidden" name="__EVENTTARGET" id="__EVENTTARGET" value="">
<input type="hidden" name="__EVENTARGUMENT" id="__EVENTARGUMENT" value="">
<input type="hidden" name="__VIEWSTATE" id="__VIEWSTATE" value="/wEPDwUKLTk5NTU1MjMwNGQYAgUOY3RsMDAkY3RsMDAkRXQPZ2QFImN0bDAwJGN0bDAwJHdnc2NHZXN0aW9ubmFpcmVDbGllbnQPFCsAA2QoKVlTeXN0ZW0uSW50NjQsIG1zY29ybGliLCBWZXJzaW9uPTQuMC4wLjAsIEN1bHR1cmU9bmV1dHJhbCwgUHVibGljS2V5VG9rZW49Yjc3YTVjNTYxOTM0ZTA4OQUzNDgyMWRkrsEVVc+x815v7j9rebL+BxOyL50=">
</div>

<script type="text/javascript">
//<![CDATA[
var theForm = document.forms['aspnetForm'];
if (!theForm) {
    theForm = document.aspnetForm;
}
function __doPostBack(eventTarget, eventArgument) {
    if (!theForm.onsubmit || (theForm.onsubmit() != false)) {
        theForm.__EVENTTARGET.value = eventTarget;
        theForm.__EVENTARGUMENT.value = eventArgument;
        theForm.submit();
    }
}
//]]>
</script>


<script src="/WebResource.axd?d=K1q0JXu8ITRSoHr9kGOlbB8sbyqaJIOsx_davEpbPfPBsjATxuO46rqMAeNwLmJG146nOnCSKX3VLAZdaS4AOtDS0cA1&amp;t=636725996369752514" type="text/javascript"></script>


<script src="/ScriptResource.axd?d=0x1dwEQ2HI31jbWSUCVTp3409o9-t5mQQ_jg8RRxZSGA4aK5ANGpHhn7e51YDFQVOgfEMih2Wo9iMRUP56Dz040rMMYhd2rkfm0HrNdhidmlhZQvq3peMTe9sBZo6Z3eQVKUs8e85rpFU0dkcEFzgAJ7a2GUMUsw_yjtqtDi2FuoXQC7lJo14NGWoTRlf3E8-QDSi1feaqRInK0Vked8fjDo4wxtJcH2hrFgjHUGaINrl5WY9JzN8YnpsQ-k-vh7DwR8WLKfwMI3-4rD58lQZEUJ1gDiKNxgTo0IDxxNkLc1Jnx-JbZjPlipLf-lKWpkYFHJqw2" type="text/javascript"></script>
<script src="/__libs/release/fr/34821.js?v=638155856345936448" type="text/javascript"></script>
<script src="/_res/release/_jsLoc/fr-fr/mainLoc.js?v=638150863542046731" type="text/javascript"></script>
<script src="/_res/release/_libs/main.lib.js?v=638150863542254142" type="text/javascript"></script>
<script src="/_res/release/_libs/jquery.hoverIntent.minified.js?v=638115589960000000" type="text/javascript"></script>
<script src="/_res/release/_js/jsWTRK306_MarqueurGA.js?v=638132863840000000" type="text/javascript"></script>
<script src="/_res/release/_js/main.js?v=638150863541259669" type="text/javascript"></script><div id="divWCTD605_NotificationManager"></div>
<script src="/_res/release/_js/aux1.js?v=638150863542438462" type="text/javascript"></script>
<script src="/_res/release/_js/jsWCTD614_AdaptationMobile.js?v=638101599280000000" type="text/javascript"></script>
<script type="text/javascript">
//<![CDATA[

Utilitaires.Ressources.text({Page : {"WCTD224_TagetAsync":"ctl00$ctl00$asyncPopinManager","DOMAIN":"leclercdrive.fr","PARAM_URL_EST_CONNECTE":"https://fd7-secure.leclercdrive.fr/drive/estconnecte.ashz"},ascWPAD338_PointRetrait : {"PARAM_URL_TEMPLATE1_1":"/_res/release/_html/tplWPAD338_ChangementUniversEntete.html?v=638133551980000000","PARAM_URL_TEMPLATE1_2":"/_res/release/_html/tplWPAD338_ChangementUniversLigne.html?v=638133551980000000","PARAM_URL_TEMPLATE2_1":"/_res/release/_html/tplWPAD338_FicheEntete.html?v=638133551980000000","PARAM_URL_TEMPLATE2_2":"/_res/release/_html/tplWPAD338_FicheLigne.html?v=638133551980000000","PARAM_URL_TEMPLATE3_1":"/_res/release/_html/tplWPAD338_InfosEntete.html?v=638133551980000000","PARAM_URL_TEMPLATE3_2":"/_res/release/_html/tplWPAD338_InfosLigne.html?v=638133551980000000","PARAM_URL_TEMPLATE4_1":"/_res/release/_html/tplWPAD338_AnnuaireEntete.html?v=638133551980000000","PARAM_URL_TEMPLATE4_2":"/_res/release/_html/tplWPAD338_AnnuaireLigne.html?v=638133551980000000","PARAM_URL_TEMPLATE4_1_DRIVE":"/_res/release/_html/tplWPAD338_AnnuaireEnteteDrive.html?v=638133551980000000","PARAM_URL_TEMPLATE4_2_DRIVE":"/_res/release/_html/tplWPAD338_AnnuaireLigneDrive.html?v=638133551980000000","PARAM_URL_TEMPLATE5_1":"/_res/release/_html/tplWPAD338_SelectionEntete.html?v=638133551980000000","PARAM_URL_TEMPLATE5_2":"/_res/release/_html/tplWPAD338_SelectionLigne.html?v=638133551980000000","PARAM_URL_TEMPLATE5_1_DRIVE":"/_res/release/_html/tplWPAD338_SelectionEnteteDrive.html?v=638133551980000000","PARAM_URL_TEMPLATE7_1":"/_res/release/_html/tplWPAD338_SelectionMultiServicesEntete.html?v=638133551980000000","PARAM_URL_TEMPLATE7_2":"/_res/release/_html/tplWPAD338_SelectionMultiServicesLigne.html?v=638133551980000000","PARAM_URL_TEMPLATE8_1":"/_res/release/_html/tplWPAD338_SelectionMultiPLEntete.html?v=638133551980000000","PARAM_URL_TEMPLATE8_2":"/_res/release/_html/tplWPAD338_SelectionMultiPLLigne.html?v=638133551980000000","PARAM_URL_TEMPLATE6":"/_res/release/_html/tplWPAD338_Clusters.html?v=638133551980000000","PARAM_PANIER_UNIQUE":"False","PARAM_UNIVERS":"iDRIVE","PARAM_MARQUE":"iDRIVE","PARAM_URL_ENROLEMENT":"https://leclercchezmoi-livraisonofferte.leclercdrive.fr/accueil","PARAM_ID_CLIENT_EXTERNE":"64529990-7FD0-45DD-9DC3-011357128DAD","PARAM_URL_IMG_LADT":"/_res/release/_img/illustration_ladt.svg?v=638133551980000000","PARAM_VUE_COURANTE":"iCOURSES_RAYON","PARAM_URL_WEBAPI_RECUP_PR":"https://api-pointsretrait.leclercdrive.fr/API_PointsRetrait/ApiPointsRetrait","PARAM_URL_WEBAPI_SEO":"https://api-seo.leclercdrive.fr/API_SEO/ApiSEO","PARAM_EST_CONNECTE":"True","PARAM_EST_PERSONNELS_SOIGNANTS_DESACTIVE":"true"},ascWPAD348_EngagementsDrive : {"PARAM_URL_HANDLER_RECUP_CONTENU":"https://fd7-courses.leclercdrive.fr/recuperercontenustatic.ashz"},ascWCSD346_BasculeDesktopMobile : {"PARAM_DOMAIN":"leclercdrive.fr","PARAM_FCT_MOBILE":"True","PARAM_FCT_REDIRECTION":"True","PARAM_URL_MAINTENANCE":null},ascWCSD333_BandeauMultiUnivers : {"PARAM_CODE_MAGASIN":"079111"}});//]]>
</script>

<div class="aspNetHidden">

	<input type="hidden" name="__VIEWSTATEGENERATOR" id="__VIEWSTATEGENERATOR" value="BF3B7A36">
	<input type="hidden" name="__EVENTVALIDATION" id="__EVENTVALIDATION" value="/wEdAAVs8gEIoO8c+pp3vuUJC2APPm87m6RA+88i/axNAjQmsuzh8PRXFyBP15pAO0iA28I01KraGXxujW6UR5WoVxkjx/EKlkDSPkh7GBxxzmitPRZsD6qut4A54jL3LyAY09/iLvTC">
</div>
    <div>

        <!--ScriptManager-->
        <script type="text/javascript">
//<![CDATA[
Sys.WebForms.PageRequestManager._initialize('ctl00$ctl00$ScriptManager', 'aspnetForm', ['tctl00$ctl00$upPopinManager','','tctl00$ctl00$Gc',''], ['ctl00$ctl00$asyncPopinManager',''], [], 90, 'ctl00$ctl00');
//]]>
</script>
<div id="ctl00_ctl00_Gc">

</div><input id="ctl00_ctl00_Et" name="ctl00$ctl00$Et" type="hidden" value="">

        <!--PopinManager-->
        <div id="ctl00_ctl00_popinManager" class="divWCTD224_PopinManager" sjsclass="WCTD201.Class.PopinManager">
	<div id="ctl00_ctl00_upPopinManager">

	</div><input type="hidden" name="ctl00$ctl00$inpWCTD224_NomPopin" id="ctl00_ctl00_inpWCTD224_NomPopin"><input type="hidden" name="ctl00$ctl00$inpWCTD224_ParamPopin" id="ctl00_ctl00_inpWCTD224_ParamPopin">
</div>

		<!--Bandeau de vérification du navigateur-->


<div id="divWCSD325_Bandeau" class="masquer">
    Vous utilisez une version trop ancienne de votre navigateur. Pour bénéficier d'une utilisation optimale du site www.leclercdrive.fr, nous vous conseillons de télécharger la dernière version des navigateurs suivants :
    <div>
        <a href="http://windows.microsoft.com/fr-fr/internet-explorer/download-ie" id="ctl00_ctl00_ucWCSD001_master_bandeauVerifNav_lnkWCSD325_Ie" rel="nofollow" target="_blank">IE</a>
        <a href="https://www.mozilla.org/firefox/" id="ctl00_ctl00_ucWCSD001_master_bandeauVerifNav_lnkWCSD325_Firefox" rel="nofollow" target="_blank">Firefox</a>
        <a href="https://www.google.com/chrome/" id="ctl00_ctl00_ucWCSD001_master_bandeauVerifNav_lnkWCSD325_Chrome" rel="nofollow" target="_blank">Chrome</a>
        <a href="http://support.apple.com/fr_FR/downloads#safari" id="ctl00_ctl00_ucWCSD001_master_bandeauVerifNav_lnkWCSD325_Safari" rel="nofollow" target="_blank">Safari</a>

    </div>
    <a id="lnkWCSD325_Fermer" href="javascript:void(0);">Fermer</a>
</div>



        <!--Bandeau multi-univers-->


<div id="ctl00_ctl00_ucWCSD001_BandeauMultiUnivers_pnlWCSD333_BandeauMultiUnivers" data-infomil-control="$.infomil.widgBandeauMultiUnivers">


    <header class="headerWCSD333_BandeauMultiUnivers">

        <!-- Zone 1 -->
        <div id="ctl00_ctl00_ucWCSD001_BandeauMultiUnivers_divWCSD333_Zone1" class="divWCSD333_Ligne isFirst">
            <div class="divWCSD333_Conteneur">
                <!-- Logo -->
                <a id="aWCSD333_Logo" href="https://fd7-courses.leclercdrive.fr/magasin-079111-Massy-Palaiseau.aspx" class="aWCSD333_Logo">&nbsp;</a>

                <!-- Recherche -->
                <div class="divWCSD333_Recherche">


<div class="cssRecherche">
    <div id="ctl00_ctl00_ucWCSD001_BandeauMultiUnivers_ctl03_pnlRecherche" data-infomil-control="$.infomil.widgRecherche" data-infomil-options="{&quot;sTagTexteRecherche&quot;:&quot;__TexteRecherche__&quot;,&quot;iAutocompletionNbCaracteres&quot;:1,&quot;iAutocompletionDelai&quot;:100,&quot;tConfigurationAjax&quot;:{&quot;Recherche&quot;:{&quot;type&quot;:5,&quot;method&quot;:&quot;GET&quot;,&quot;url&quot;:&quot;https://fd7-courses.leclercdrive.fr/magasin-079111-Massy-Palaiseau/recherche.aspx?TexteRecherche=__TexteRecherche__&quot;},&quot;RechercheTraiteur&quot;:{&quot;type&quot;:5,&quot;method&quot;:&quot;GET&quot;},&quot;RecuperationSuggestions&quot;:{&quot;type&quot;:5,&quot;method&quot;:&quot;POST&quot;,&quot;url&quot;:&quot;https://fd7-courses.leclercdrive.fr/magasin-079111/suggestion-recherche.aspx&quot;}},&quot;sUrlPageBoutiqueRecette&quot;:&quot;https://fd7-courses.leclercdrive.fr/magasin-079111-Massy-Palaiseau/recette-{0}.aspx&quot;}">

        <div id="WRSL301_FormRecherche">

            <div class="divWRSL301_FormWrap">
                <input type="submit" id="inputWRSL301_rechercheBouton" class="inputWRSL301_Submit" value="">
                <input type="text" id="inputWRSL301_rechercheTexte" class="inpWRSL301_TextBox_Rechercher ui-autocomplete-input" placeholder="Rechercher un produit (ex.&nbsp;: riz, pâtes, …)" maxlength="40" autocomplete="off">
                <div class="divWRSL001_Overlay"></div>
            <ul class="ui-autocomplete ui-front ui-menu ui-widget ui-widget-content" id="ui-id-1" tabindex="0" style="display: none;"></ul></div>
        </div>

	</div>
</div>

<div id="RechercheAjaxResult"></div>
<div id="ctl00_ctl00_ucWCSD001_BandeauMultiUnivers_ctl03_divMemo"><div id="ctl00_ctl00_ucWCSD001_BandeauMultiUnivers_ctl03_toolpinMemo_pnlToolpinMemo" data-infomil-control="$.infomil.widgToolpinMemo">


	</div>
<div class="divAutocomplete"></div>
</div>

                </div>

                <div class="divWCSD333_BlocDroite">
                    <!-- Aide en ligne -->

                    <!-- Connexion -->
                    <div class="divWCSD333_Connexion">


<div class="divWCSD334_Connexion">


    <div id="ctl00_ctl00_ucWCSD001_BandeauMultiUnivers_ucWCSD001_Connexion_divWCSD334_NonConnecte" class="divWCSD334_NonConnecte masquer">


        <a href="javascript:void(0);" class="aWCSD334_NonConnecte">
            Me connecter
        </a>
     </div>


    <div id="ctl00_ctl00_ucWCSD001_BandeauMultiUnivers_ucWCSD001_Connexion_divWCSD334_Connecte" class="divWCSD334_Connecte afficher">


        <a href="javascript:void(0);" class="aWCSD334_Connecte" id="aWCSD334_Connecte">
           <span id="spanWCSD334_Bonjour">
                Théo
           </span>
        </a>


        <div class="divWCSD334_ConnexionBox clearfix" style="display: none;">
            <ul class="ulWCSD334_Actions">
                <li>
                    <a href="https://fd7-espace-client.leclercdrive.fr/drive/magasin-079111-Massy-Palaiseau/mon-compte.aspx" id="ctl00_ctl00_ucWCSD001_BandeauMultiUnivers_ucWCSD001_Connexion_lnkWCSD334_MonCompte" class="lnkWCSD334_Lien lien-icone" data-infomil-loader-onchange="1">
                        <span class="icone icone-chevron">&nbsp;</span>
                        Accéder à Mon compte
                    </a>
                </li>
                <li>
                    <a href="https://fd7-espace-client.leclercdrive.fr/drive/magasin-079111-Massy-Palaiseau/mes-avoirs-bons-achat.aspx" id="ctl00_ctl00_ucWCSD001_BandeauMultiUnivers_ucWCSD001_Connexion_lnkWCSD334_MesAvoirs" class="lnkWCSD334_Lien lien-icone" data-infomil-loader-onchange="1">
                        <span class="icone icone-chevron">&nbsp;</span>
                        Mes avoirs et bons d'achats
                    </a>
                </li>
                <li id="ctl00_ctl00_ucWCSD001_BandeauMultiUnivers_ucWCSD001_Connexion_liWCSD334_MesProduitsHabituels">
                    <a href="https://fd7-courses.leclercdrive.fr/magasin-079111-Massy-Palaiseau/produits-habituels.aspx" id="ctl00_ctl00_ucWCSD001_BandeauMultiUnivers_ucWCSD001_Connexion_lnkWCSD334_MesProduitsHabituels" class="lnkWCSD334_Lien lien-icone" data-infomil-loader-onchange="1">
                        <span class="icone icone-chevron">&nbsp;</span>
                        Mes produits habituels
                    </a>
                </li>
                <li>
                    <a href="https://fd7-courses.leclercdrive.fr/magasin-079111-Massy-Palaiseau/mes-listes.aspx" id="ctl00_ctl00_ucWCSD001_BandeauMultiUnivers_ucWCSD001_Connexion_lnkWCSD334_MesListes" class="lnkWCSD334_Lien lien-icone" data-infomil-loader-onchange="1">
                        <span class="icone icone-chevron">&nbsp;</span>
                        Mes listes
                    </a>
                </li>
                <li>
                    <a href="https://fd7-espace-client.leclercdrive.fr/drive/magasin-079111-Massy-Palaiseau/mes-commandes.aspx" id="ctl00_ctl00_ucWCSD001_BandeauMultiUnivers_ucWCSD001_Connexion_lnkWCSD334_MesCommandes" class="lnkWCSD334_Lien lien-icone" data-infomil-loader-onchange="1">
                        <span class="icone icone-chevron">&nbsp;</span>
                        Mes commandes
                    </a>
                </li>
            </ul>


            <div class="divWCSD334_BtnDeconnecter">
                <div id="ctl00_ctl00_ucWCSD001_BandeauMultiUnivers_ucWCSD001_Connexion_ctl00_pnlWCLD312_ConnexionBase" data-infomil-control="$.infomil.widgConnexionBase">


  <div class="divWCLD312_ConnexionBase">

    <!--Mode Non Connecté-->


    <!--Mode Connecté-->
    <div id="ctl00_ctl00_ucWCSD001_BandeauMultiUnivers_ucWCSD001_Connexion_ctl00_divWCLD312_Connecte" class="clearfix afficher">


      <a href="javascript:void(0);" class="aWCLD312_MeDeconnecter lien-icone lien-icone-large">
        <span class="icone icone-croix-orange">&nbsp;</span>
        Me déconnecter
      </a>
    </div>

  </div>

	</div>

            </div>

            <span class="icone icone-arrow"></span>
        </div>

    </div>

</div>

                    </div>

                    <span data-sclasscss="infoBulle infoBulle-large infoBulle-aide " data-uid="bxw750" class="infoBulle infoBulle-large infoBulle-aide  estAGauche estEnHaut"><a id="aWCSD333_AideEnLigne" href="javascript:void(window.open(encodeURI('https://mgt.leclercdrive.fr/drive/legal/magasin-079111-Massy-Palaiseau/aide-en-ligne.aspx?sSelfService=0&amp;iIdMarque=1'), '', 'width=870,height=750,toolbars=no,scrollbars=yes,status=no,resizable=yes'));" class="aWCSD333_AideEnLigne">&nbsp;</a><span class="infoBulle-contenu" style="transform: translate(0px, 13.5px);"><span class="divWCSD333_Aide"><label class="infoBulle-block">Vous avez une question ? Vous rencontrez des difficultés sur le site&nbsp;?</label><span><a class="lnkBleuSouligne" onclick="window.open('https://mgt.leclercdrive.fr/drive/legal/magasin-079111-Massy-Palaiseau/aide-en-ligne.aspx?sSelfService=0&amp;iIdMarque=1', '', 'width=870,height=750,toolbars=no,scrollbars=no,status=no,resizable=yes')">Voir l'aide en ligne</a></span></span></span><span class="infoBulle-accroche" style="transform: translate(0px, 13.5px);">&nbsp;</span></span>

                    <!-- Lien E.Leclerc -->
                    <div class="divWCSD333_ELeclerc">
                        <a href="https://www.e.leclerc/" id="ctl00_ctl00_ucWCSD001_BandeauMultiUnivers_aWCSD333_ELeclerc" data-track-id="50001" target="_blank">E.Leclerc</a>
                    </div>

                    <!-- Panier -->
                    <div id="divWCRS381_Panier" class="divWCRS381_Panier divWCRS319_Closed">
                        <div id="ctl00_ctl00_ucWCSD001_BandeauMultiUnivers_ctl01_pnlGestionStock" data-infomil-control="$.infomil.widgGestionStock">

	</div>



<div id="divSauvegarderDansListes" style="display: none;">
    <div id="ctl00_ctl00_ucWCSD001_BandeauMultiUnivers_ctl00_ucSauvegarderDansListes_pnlSauvegarderDansListes" data-infomil-control="$.infomil.widgSauvegarderDansListes">

	</div>


</div>

<div id="ctl00_ctl00_ucWCSD001_BandeauMultiUnivers_ctl00_pnlCartouchePanier" data-infomil-control="$.infomil.widgCartouchePanier">


    <div id="ctl00_ctl00_ucWCSD001_BandeauMultiUnivers_ctl00_EnteteCartouchePanier_pnlEnteteCartouchePanier" data-infomil-control="$.infomil.widgEnteteCartouchePanier">     <header class="headerWCRS381_EnTetePanier">         <a href="#" class="aWCRS381_Montant">          <span class="spanWCRS381_Notification cartouche-panier-vide" style="transform: scale(1);">0</span>          <span class="spanWCRS381_Montant">Panier : </span>           <strong class="strongWCRS381_Montant">0,00 €</strong>         </a>     </header> </div>

    <div class="divWCRS319_CartouchePanier">
        <div id="divWCRS319_ConteneurCartouche">     <div id="divWCRS319_MultiPaniers" class="divWCRS319_MultiPaniers mono-univers" style="height: 779px;">                  <div class="divWCRS319_ScrollPane panier-vide" style="height: 779px; padding: 0px; width: 200px;">              <div class="jspContainer marquer" style="width: 200px; height: 521px;"><div class="jspPane" style="padding: 0px; top: 0px; left: 0px; width: 200px;"><dl id="sId2" class="dlWCRS319_PanierUnivers">             <dt class="dtWCRS319_Panier univers-2" style="top: 0px;">                 <span class="spanWCRS319_Notification">0</span>                 <span class="spanWCRS319_Montant">Drive : </span>                 <strong class="strongWCRS319_Montant">0,00 €</strong>                 <a href="#" class="aWCRS319_TogglePanier">&nbsp;</a>             </dt>             <dd class="ddWCRS319_Produits">                 <ul id="ulWCRS319_Produits" class="ulWCRS319_Produits">                                            </ul>             </dd>         </dl></div></div></div>      </div> </div>

        <footer class="footerWCRS319_Pied">
	        <div class="divWCRS319_Totaux">
		        <p class="pWCRS319_Economies clearfix">
                    <span class="spanWCRS319_MontantTotal">0,00 €</span>
                    Mes économies
                    <span data-sclasscss="infoBulle  " data-uid="oip784" class="infoBulle  "><span class="spanWCRS319_Infobulle" title="">&nbsp;</span><span class="infoBulle-contenu" style="transform: translate(0px, 0px);">Le montant de vos économies correspond au total des remises obtenues sur les produits en promotion </span><span class="infoBulle-accroche" style="transform: translate(0px, 0px);">&nbsp;</span></span>
		        </p>
		        <p class="pWCRS319_Total clearfix">
                    <span class="spanWCRS319_MontantTotal">0,00 €</span>
                    Total à payer :
		        </p>

	        </div>
            <div class="divWCRS319_Compteurs divWCTD221_Vertical">
			<div>

			</div><div>

			</div><div>

			</div><div>
				<div id="ctl00_ctl00_ucWCSD001_BandeauMultiUnivers_ctl00_CompteurTEL_Panel1" class="ascWCRS316_CompteurTEL_divPrincipal" data-infomil-control="$.infomil.widgCompteurTEL">

<div id="divWCRS316_CompteurTEL" style="display:none;">




    <div id="divWCRS316_Gains" class="divWCRS316_Cartouche divWCRS316_Gains" title="">
      <div class="divWCRS316_TipButton">
        <span class="spanWCRS316_Cell spanWCRS316_MesGainsTEL">Mes gains :</span>
        <span class="spanWCRS316_Cell">
          <span class="spanWCRS316_Counter">
            <span id="spanWCRS316_CompteurTEL_MtTEL2"></span>
          </span>
          <span class="spanWCRS316_Euro">€</span>
        </span>
      </div>
    </div>




    <div class="divWCRS316_Cartouche divWCRS316_Repere" id="divWCRS316_CompteurMR" style="display:none;">
        <span class="spanWCRS316_Cell">
            <a href="#" class="aWCRS316_TipButton aWCRS316_PopinToggle" title="">
                <span id="spanWCRS316_Repere_SeuilNonAtteint" style="display:none;">
                    Encore <span class="spanWCRS316_Or" id="spanWCRS316_NbProdProchainMtMR"></span> produits pour cumuler
                    <span class="spanWCRS316_Or">+<span id="spanWCRS316_ProchainMtMR"></span> €</span> en Tickets E.Leclerc
                </span>
                <span id="spanWCRS316_Repere_SeuilAtteint" style="display:none;">
                    Vous avez atteint le gain maximum en <span class="spanWCRS316_Or">Marque Repère</span> *
                </span>
            </a>
        </span>
    </div>

</div>

				</div>



			</div>
		</div>
            <ul class="ulWCRS319_Outils">
		        <li class="liWCRS319_Outil caddie"><a href="https://fd7-courses.leclercdrive.fr/magasin-079111-Massy-Palaiseau/detail-panier.aspx" class="inactive WCTD_disabled" disabled="disabled">Voir le détail de mon panier</a></li>
		        <li class="liWCRS319_Outil lienViderPanier"><a href="#" class="inactive WCTD_disabled" disabled="disabled">Vider le panier</a></li>
		        <li class="liWCRS319_Outil liste"><a href="#" id="aWCRS319_AjoutPanierListe" class="aWCRS319_AjoutPanierListe inactive WCTD_disabled" disabled="disabled">Ajouter le panier dans une liste</a></li>
	        </ul>
	        <a href="https://fd7-courses.leclercdrive.fr/magasin-079111-Massy-Palaiseau/recap-panier.aspx" class="bouton bouton-bleu aWCRS319_BoutonPayer bouton-gris inactive WCTD_disabled">Valider et payer</a>
        </footer>
    </div>

	</div>
                    </div>
                </div>

            </div>
            <div class="divWCSD333_Overlay"></div>
        </div>

        <!-- Zone 2 -->


        <!-- Zone 3 -->
        <div id="ctl00_ctl00_ucWCSD001_BandeauMultiUnivers_divWCSD333_Zone3" class="divWCSD333_Ligne">
            <div class="divWCSD333_Conteneur">
                <!-- PL -->
                <span class="pWCSD333_picto_lieu"></span>
                <div id="pWCSD333_PL" class="pWCSD333_Information pWCSD333_PL">Votre Drive :
                    <a id="aWCSD333_PL" href="javascript:void(0);" class="textLight">Massy Palaiseau</a>
                </div>
                <div id="divWCSD333_PopIn_PL" class="divWCSD333_PopIn_PL">
                    <div id="divWCSD333_PL" class="divWCSD333_PL"></div>
                </div>

                <!-- Livraison -->
                <div id="pWCSD333_Livraison" class="pWCSD333_Information pWCSD333_Livraison masquer">
                    <a id="aWCSD333_AdresseLivraison" href="javascript:void(0);"></a>
                </div>

                <!-- Date de retrait -->
                <div id="pWCSD333_DateRetrait" class="pWCSD333_Information pWCSD333_DateRetrait pWCSD333_DateRetraitNonCliquable">
                    <span class="spanWCSD333_Retrait">
                        <span id="spanWCSD333_TitreRetrait" class="spanWCSD333_TitreRetrait">Etre livré dès :</span>
                        <span id="spanWCSD333_DateRetrait"></span>
                        <a id="aWCSD333_DateRetrait" class="textLight" href="javascript:void(0);">Aujourd'hui à 12h00</a>
                    </span>
                    <div id="ctl00_ctl00_ucWCSD001_BandeauMultiUnivers_ctl02_pnlCalendrier" data-infomil-control="$.infomil.widgGestionDateRetrait" style="display:none;">


	</div>

<div id="divWCRS385_PopinHoraire" style="display:none;">

    <div class="divWCRS385_PopupBlock">
        <input id="hdEtatPopin" type="hidden">
        <p class="pWCRS385_AucuneDateRetrait" style="display:none;">Ce produit ne peut pas être retiré sur le point de retrait que vous avez sélectionné.
Vous devez supprimer le produit de votre panier ou sélectionner un autre point de retrait lors du choix de votre horaire de retrait.</p>
        <p class="pWCRS385_Introduction" style="display:none;">Pour ajouter ce produit, vous devez renseigner votre date de retrait.</p>
        <p class="pWCRS385_Information" style="display:none;">La disponibilité des produits peut varier selon votre date de retrait.</p>
        <p id="pWCRS385_ModifierDate" class="pWCRS385_Alerte" style="display:none;">Pour ajouter ce produit, vous devez modifier votre date de retrait.</p>
        <p id="pWCRS385_PlageDateRetraitProduit" class="pWCRS385_Alerte pWCRS385_PlageDateRetraitTotalitePanier" style="display:none;"></p>
        <p id="pWCRS385_PlageDateRetraitProduitJusquau" class="pWCRS385_Alerte pWCRS385_PlageDateRetraitTotalitePanier" style="display:none;"></p>
        <p id="pWCRS385_PlageDateRetraitTotalitePanierAnterieure" class="pWCRS385_Alerte pWCRS385_PlageDateRetraitTotalitePanier" style="display:none;">Un ou plusieurs produits de votre panier ne sont pas disponibles pour un retrait à cette date. Pour retirer la totalité de vos produits, veuillez choisir une date de retrait à partir du <strong>mardi 11 avril 2023</strong></p>
        <p id="pWCRS385_PlageDateRetraitTotalitePanierDepassee" class="pWCRS385_Alerte pWCRS385_PlageDateRetraitTotalitePanier" style="display:none;">Un ou plusieurs produits de votre panier ne sont pas disponibles pour un retrait à cette date. Pour retirer la totalité de vos produits, veuillez choisir une date de retrait à partir du <strong>mardi 11 avril 2023</strong> et jusqu'au <strong>vendredi 10 mai 2024</strong> inclus</p>

        <div class="divWCRS385_Tabs">
            <a href="#" class="aWCRS385_btnPrecedent" style="display: none;"></a>
            <ul class="ulWCRS385_TabsList"></ul>
            <span class="spanWCRS385_Clear"></span>
            <a href="#" class="aWCRS385_btnSuivant"></a>

            <div class="divWCRS385_TabContent"></div>
            <div class="divWCRS385_LegendeRetraitPartiel">
                <span class="spanWCRS385_LegendeImage">J</span>
                <span class="spanWCRS385_LegendeDescriptif">A cette date, des produits de votre panier sont indisponibles</span>
            </div>
            <div class="divWCRS385_PointRetrait"></div>
            <div class="divWCRS385_Actions">
                <a href="#" class="WCTD_lienOrange aWCRS385_Annuler">Annuler</a>
                <a href="#" class="bouton bouton-bleu inactif aWCRS385_BoutonValider">Choisir cette date</a>
            </div>
        </div>

    </div>
</div>
                </div>

                <!-- Rappel produit -->
                <div id="pWCSD333_RappelProduit" class="pWCSD333_Information pWCSD333_RappelProduit flottant">
                    <a id="aWCSD333_RappelProduit" href="javascript:void(0);">Rappel produit</a>
                </div>

                    <!-- Message important -->

            </div>
            <div class="divWCSD333_Ligne pleine"></div>
            <div class="divWCSD333_Overlay"></div>
        </div>
    </header>


</div>


        <!--Lien haut de page-->


<a href="#top" class="aWCSD313_Lien" style="opacity: 0.5; display: none;">
    <span><span>haut de page</span></span>
</a>

        <!--Arche gauche-->
        <div class="divWCSD001_Arche divWCSD001_ArcheGauche">
		    <div id="ctl00_ctl00_ctl11_pnlWDMA005_Communiques" data-infomil-control="$.infomil.widgCommuniques">

    <ul class="WDMA005_Container"></ul>

</div>



		</div>

        <!--Arche droite-->
		<div class="divWCSD001_Arche divWCSD001_ArcheDroite">
		    <div id="ctl00_ctl00_ctl12_pnlWDMA005_Communiques" data-infomil-control="$.infomil.widgCommuniques">

    <ul class="WDMA005_Container"></ul>

</div>



		</div>

        <!--Contenu-->




							<script>
								!function (a, b, c, d, e, f) { a.ddjskey = e; a.ddoptions = f || null; var m = b.createElement(c), n = b.getElementsByTagName(c)[0]; m.async = 1, m.src = d, m.setAttribute("crossorigin", "anonymous"), n.parentNode.insertBefore(m, n) }(window, document, "script", "https://js.datadome.co/tags.js", "8FE0CF7F8AB30EC588599D8046ED0E", { ajaxListenerPath: "leclercdrive" });
							</script>



						<!-- Démarrage de notification de consentement aux cookies de OneTrust -->
						<script type="text/javascript" charset="UTF-8">
							var sDataDomainScript = null;
							var objScript;
							if(window.location.hostname.indexOf("chezmoi.leclerc") > -1){sDataDomainScript = "03a4f182-2af7-436d-a828-bbaf31dc2966";}
							else if(window.location.hostname.indexOf("leclercdrive.fr") > -1){sDataDomainScript = "61eadab1-bbab-4d75-bcf0-79c42a7e4f16";}
							else if(window.location.hostname.indexOf("traiteur.leclerc") > -1){sDataDomainScript = "9b154699-2e04-4f91-afeb-aa679d933d94";}
							if(sDataDomainScript != null){
								objScript=document.createElement("script");
								objScript.setAttribute("type","text/javascript");
								objScript.setAttribute("src", "https://cdn.cookielaw.org/scripttemplates/otSDKStub.js");
								objScript.setAttribute("charset", "UTF-8");
								objScript.setAttribute("data-domain-script", sDataDomainScript);
								document.getElementsByTagName("body")[0].appendChild(objScript);
							}
						</script>
						<script type="text/javascript">function OptanonWrapper() { }</script><!-- Fin de notification de consentement aux cookies de OneTrust -->
						<script>
						document.addEventListener("DOMContentLoaded",function(){
							$(".WCSD348_LienPreferencesCookies").removeClass("WCSD348_LienPreferencesCookies");
							$(".WCSD348_AncienLienPreferenceCookies").addClass("cssMasquer");
						});
						</script>



    <!--Tracking didacticiel-->


    <div>

        <div id="ctl00_ctl00_mainMutiUnivers_ctl04_pnlMiseEnAvantCampagne" data-infomil-control="$.infomil.widgMiseEnAvantCampagneCoupon">

</div>


        <!--Popin-->
        <div class="cssMaster_popinConteneur divWCSD333_Conteneur">

        </div>

        <div class="cssMaster">
            <div class="cssMaster_main">

                <!--Header-->
                <div class="cssMaster_header">


<div class="cssMaster_header2">
    <div id="ctl00_ctl00_mainMutiUnivers_MasterHeader_ctl00_pnlMenuRayon" class="divWCAD302_BandeauRayon bandeau-fond" data-infomil-control="$.infomil.widgMenuRayon" data-infomil-options="{&quot;objLoc&quot;:{&quot;sLOC_RAYONS&quot;:&quot;Rayons&quot;,&quot;sLOC_PROMOTIONS&quot;:&quot;Promotions&quot;,&quot;sLOC_EN_CE_MOMENT&quot;:&quot;Nos bons plans&quot;,&quot;sLOC_PRODUIT_HABITUEL&quot;:&quot;Mes produits habituels&quot;},&quot;eUnivers&quot;:2,&quot;sUrlAcceuilMagasin&quot;:&quot;https://fd7-courses.leclercdrive.fr/magasin-079111-Massy-Palaiseau.aspx&quot;,&quot;sUrlRayonPromotions&quot;:&quot;https://fd7-courses.leclercdrive.fr/magasin-079111-Massy-Palaiseau/promotions.aspx&quot;,&quot;sUrlRayonNosBonsPlans&quot;:&quot;https://fd7-courses.leclercdrive.fr/magasin-079111-Massy-Palaiseau/nos-bons-plans.aspx&quot;,&quot;sUrlRayonProduitsHabituel&quot;:&quot;https://fd7-courses.leclercdrive.fr/magasin-079111-Massy-Palaiseau/produits-habituels.aspx&quot;,&quot;sCssRayons&quot;:null,&quot;sCssPromotions&quot;:null,&quot;sCssEnCeMoment&quot;:null,&quot;sCssCommandeProduitHabituel&quot;:null,&quot;sUrlImgBlank&quot;:&quot;/_res/release/_img/vbNETsWCAD201/imgBlank.gif?v=638115589960000000&quot;,&quot;objNavigationRayonFamille&quot;:{&quot;nIdRayon&quot;:284314,&quot;nIdFamille&quot;:284557},&quot;objContexteMultiUnivers&quot;:{&quot;iDRIVE&quot;:{&quot;fUniversCourant&quot;:true,&quot;sNoPointLivraison&quot;:&quot;079111&quot;,&quot;eUnivers&quot;:2,&quot;iIdGroupe&quot;:222,&quot;fAfficher&quot;:true}}}">

        <!-- @BLOC BEGIN -->
    <div id="ctl00_ctl00_mainMutiUnivers_MasterHeader_ctl00_pnlWCAD301_Nav">


    <ul class="bandeau estCharge">
        <li class="bandeau-element"><a href="#" data-track-id="20001" class="bandeau-lien estRayons js-ouvreRayons">Rayons</a></li>
        <li class="bandeau-element"><a href="https://fd7-courses.leclercdrive.fr/magasin-079111-Massy-Palaiseau/promotions.aspx" data-track-id="20002" class="bandeau-lien estPromotions">Promotions</a></li>
        <li class="bandeau-element"><a href="https://fd7-courses.leclercdrive.fr/magasin-079111-Massy-Palaiseau/nos-bons-plans.aspx" data-track-id="20003" class="bandeau-lien estEnCeMoment">Nos bons plans</a></li>
        <li class="bandeau-element"><a href="https://fd7-courses.leclercdrive.fr/magasin-079111-Massy-Palaiseau/produits-habituels.aspx" data-track-id="20004" class="bandeau-lien estCoursesPlusVite">Mes produits habituels</a></li>
    </ul>
      <span class="bandeau-trait"></span>

	</div>
<div id="ctl00_ctl00_mainMutiUnivers_MasterHeader_ctl00_ctl00_pnlTradeEncartNavigationMenu" data-infomil-control="$.infomil.widgTradeEncartNavigationMenu">

	</div>

</div>


</div>

<div class="cssMaster_header3">
    <div id="ctl00_ctl00_mainMutiUnivers_MasterHeader_ctl01_panelFilArianne" data-infomil-control="$.infomil.widgFilArianne">

    <ul class="ulWCAD307_FilAriane">



                <li>
                    <a href="https://fd7-courses.leclercdrive.fr/magasin-079111-Massy-Palaiseau/accueil.aspx">Accueil</a>
                    <span id="ctl00_ctl00_mainMutiUnivers_MasterHeader_ctl01_repFilAriane_ctl00_lblSeparateur" class="lblSeparateur">·</span>
                </li>

                <li>
                    <a href="https://fd7-courses.leclercdrive.fr/magasin-079111-Massy-Palaiseau/rayon-284314-Bio-a-prix-ELeclerc.aspx">Bio à prix E.Leclerc</a>
                    <span id="ctl00_ctl00_mainMutiUnivers_MasterHeader_ctl01_repFilAriane_ctl01_lblSeparateur" class="lblSeparateur">·</span>
                </li>


        <li>
            <span id="ctl00_ctl00_mainMutiUnivers_MasterHeader_ctl01_lblDernierElement">Le marché Bio</span>
        </li>

    </ul>

</div>



</div>


                    <div id="ctl00_ctl00_mainMutiUnivers_ctl01_pnlPanierFusion">

</div>

                </div>

                <!--Content-->
                <div class="cssMaster_content clearfix nocarrousel">

    <section id="sectionWCRS001_MainContent" class="clearfix">




        <aside id="ctl00_ctl00_mainMutiUnivers_main_divContenuGauche" class="asideWCRS001_ColonneLaterale" style="min-height: 4499px;">
                <div id="ctl00_ctl00_mainMutiUnivers_main_ctl00_panelViewState" data-infomil-control="$.infomil.widgViewState" data-infomil-options="{&quot;fInclureTri&quot;:true}">

</div>


<div id="divWCRS315_Filtres" class="divWCRS315_Filtres">



        <div class="divWCRS001_BlocFiltre divWCRS315_Filtres divWCRS315_FiltresNavigation">
            <h2 class="h2WCRS315_Titre">Rayons</h2>
            <ul>
                <li class="liWCRS315_FiltreActif">
                    <a href="https://fd7-courses.leclercdrive.fr/magasin-079111-Massy-Palaiseau/rayon-284557-Le-marche-Bio.aspx" data-infomil-loader-onclick="1" data-track-click="2" data-track-click-val="--sf--Tous-Le marché Bio">
                        Tous
                    </a>
                </li>

                <li>
                    <a href="/magasin-079111-Massy-Palaiseau/rayon-284557-Le-marche-Bio.aspx?Filtres=4-284564" data-infomil-loader-onclick="1" data-track-click="2" data-track-click-val="--sf--Fruits">

                        Fruits
                    </a>
                </li>

                <li>
                    <a href="/magasin-079111-Massy-Palaiseau/rayon-284557-Le-marche-Bio.aspx?Filtres=4-289968" data-infomil-loader-onclick="1" data-track-click="2" data-track-click-val="--sf--Légumes">

                        Légumes
                    </a>
                </li>

                <li>
                    <a href="/magasin-079111-Massy-Palaiseau/rayon-284557-Le-marche-Bio.aspx?Filtres=4-311447" data-infomil-loader-onclick="1" data-track-click="2" data-track-click-val="--sf--Fruits secs">

                        Fruits secs
                    </a>
                </li>

                <li>
                    <a href="/magasin-079111-Massy-Palaiseau/rayon-284557-Le-marche-Bio.aspx?Filtres=4-284565" data-infomil-loader-onclick="1" data-track-click="2" data-track-click-val="--sf--Viandes et poissons">

                        Viandes et poissons
                    </a>
                </li>

                <li>
                    <a href="/magasin-079111-Massy-Palaiseau/rayon-284557-Le-marche-Bio.aspx?Filtres=4-284566" data-infomil-loader-onclick="1" data-track-click="2" data-track-click-val="--sf--Pains et Patisseries">

                        Pains et Patisseries
                    </a>
                </li>

            </ul>
        </div>

    <div id="ctl00_ctl00_mainMutiUnivers_main_ctl01_pnlBlocsFiltres" data-infomil-control="$.infomil.widgFiltre">


</div>

    <div id="divFiltreEnActifs" class="divWCRS315_Wrap divWCRS315_First divWCRS315_Selection divWCRS315_Empty visible_false">
      </div>
    <h3 id="ctl00_ctl00_mainMutiUnivers_main_ctl01_TitreColonne"> Affiner par
      </h3>
    <div id="divBlocsFiltres" class="divWCRS315_BlocsFiltres">     <div class="divWCRS315_Wrap">         <dl class="dlCRS315_Filtre">             <dt><span>En ce moment </span> <a href="#" class="aWCRS315_Toggle">&nbsp;</a></dt>             <dd style="height: auto;">                                  <ul class="ulWCRS315_Filters">                          <li class="liValeurFiltre " data-iduniquefiltrevaleur="2-2" data-idbloc="2" data-track-libelle="En ce moment - Les promotions">         <span class="spanWCRS315_Checkbox">         <input type="checkbox" value="2-2"></span>         <label for="2-2" data-track-id="20010">Les promotions</label>     </li>      <li class="liValeurFiltre " data-iduniquefiltrevaleur="2-1" data-idbloc="2" data-track-libelle="En ce moment - Les produits de saison">         <span class="spanWCRS315_Checkbox">         <input type="checkbox" value="2-1"></span>         <label for="2-1" data-track-id="20010">Les produits de saison</label>     </li>                  </ul>             </dd>         </dl>     </div>      <div class="divWCRS315_Wrap">         <dl class="dlCRS315_Filtre">             <dt><span>Marques </span> <a href="#" class="aWCRS315_Toggle">&nbsp;</a></dt>             <dd style="height: auto;">                 <input type="text" name="Marques" id="ulWCRS315_FiltreMarque" placeholder="Marques...">                 <ul class="ulWCRS315_Filters jspScrollable" style="padding: 0px; width: 157px; outline: none;" tabindex="0">                                                                                      <div class="jspContainer" style="width: 157px; height: 115px;"><div class="jspPane" style="padding: 5px 0px 0px; width: 153px; margin-left: 4px; top: 0px;"><li class="liValeurFiltre " data-iduniquefiltrevaleur="1-5992" data-idbloc="1" data-track-libelle="Marques - Marque Repère">         <span class="spanWCRS315_Checkbox">         <input type="checkbox" value="1-5992"></span>         <label for="1-5992" data-track-id="20010">Marque Repère</label>     </li><li class="liValeurFiltre " data-iduniquefiltrevaleur="1-10803046" data-idbloc="1" data-track-libelle="Marques - Bio Source">         <span class="spanWCRS315_Checkbox">         <input type="checkbox" value="1-10803046"></span>         <label for="1-10803046" data-track-id="20010">Bio Source</label>     </li><li class="liValeurFiltre " data-iduniquefiltrevaleur="1-37735" data-idbloc="1" data-track-libelle="Marques - Bio Village">         <span class="spanWCRS315_Checkbox">         <input type="checkbox" value="1-37735"></span>         <label for="1-37735" data-track-id="20010">Bio Village</label>     </li><li class="liValeurFiltre " data-iduniquefiltrevaleur="1-615782" data-idbloc="1" data-track-libelle="Marques - Bjorg">         <span class="spanWCRS315_Checkbox">         <input type="checkbox" value="1-615782"></span>         <label for="1-615782" data-track-id="20010">Bjorg</label>     </li><li class="liValeurFiltre " data-iduniquefiltrevaleur="1-440934" data-idbloc="1" data-track-libelle="Marques - Bonduelle">         <span class="spanWCRS315_Checkbox">         <input type="checkbox" value="1-440934"></span>         <label for="1-440934" data-track-id="20010">Bonduelle</label>     </li><li class="liValeurFiltre " data-iduniquefiltrevaleur="1-580966" data-idbloc="1" data-track-libelle="Marques - Céréal Bio">         <span class="spanWCRS315_Checkbox">         <input type="checkbox" value="1-580966"></span>         <label for="1-580966" data-track-id="20010">Céréal Bio</label>     </li><li class="liValeurFiltre " data-iduniquefiltrevaleur="1-440678" data-idbloc="1" data-track-libelle="Marques - Fleury Michon">         <span class="spanWCRS315_Checkbox">         <input type="checkbox" value="1-440678"></span>         <label for="1-440678" data-track-id="20010">Fleury Michon</label>     </li><li class="liValeurFiltre " data-iduniquefiltrevaleur="1-841574" data-idbloc="1" data-track-libelle="Marques - Nature de France">         <span class="spanWCRS315_Checkbox">         <input type="checkbox" value="1-841574"></span>         <label for="1-841574" data-track-id="20010">Nature de France</label>     </li></div><div class="jspVerticalBar"><div class="jspCap jspCapTop"></div><div class="jspTrack" style="height: 115px;"><div class="jspDrag" style="height: 94px;"><div class="jspDragTop"></div><div class="jspDragBottom"></div></div></div><div class="jspCap jspCapBottom"></div></div></div></ul>             </dd>         </dl>     </div>      <div class="divWCRS315_Wrap">         <dl class="dlCRS315_Filtre">             <dt><span>Labels qualité </span> <a href="#" class="aWCRS315_Toggle">&nbsp;</a></dt>             <dd style="height: auto;">                                  <ul class="ulWCRS315_Filters">                          <li class="liValeurFiltre " data-iduniquefiltrevaleur="3-1" data-idbloc="3" data-track-libelle="Labels qualité - Bio">         <span class="spanWCRS315_Checkbox">         <input type="checkbox" value="3-1"></span>         <label for="3-1" data-track-id="20010">Bio</label>     </li>      <li class="liValeurFiltre " data-iduniquefiltrevaleur="3-4" data-idbloc="3" data-track-libelle="Labels qualité - Max Havelaar">         <span class="spanWCRS315_Checkbox">         <input type="checkbox" value="3-4"></span>         <label for="3-4" data-track-id="20010">Max Havelaar</label>     </li>                  </ul>             </dd>         </dl>     </div>      <div class="divWCRS315_Wrap">         <dl class="dlCRS315_Filtre">             <dt><span>Nutri-score <a class="aWCRS315_pictoBloc WCTD_pictoAide" href="https://mgt.leclercdrive.fr/drive/legal/magasin-079111-Massy-Palaiseau/aide-en-ligne.aspx?sSelfService=29"></a></span> <a href="#" class="aWCRS315_Toggle">&nbsp;</a></dt>             <dd style="height: auto;">                                  <ul class="ulWCRS315_Filters">                          <li class="liValeurFiltre " data-iduniquefiltrevaleur="12-1" data-idbloc="12" data-track-libelle="Nutri-score - A">         <span class="spanWCRS315_Checkbox">         <input type="checkbox" value="12-1"></span>         <label for="12-1" data-track-id="20010">A</label>     </li>      <li class="liValeurFiltre " data-iduniquefiltrevaleur="12-2" data-idbloc="12" data-track-libelle="Nutri-score - B">         <span class="spanWCRS315_Checkbox">         <input type="checkbox" value="12-2"></span>         <label for="12-2" data-track-id="20010">B</label>     </li>      <li class="liValeurFiltre " data-iduniquefiltrevaleur="12-3" data-idbloc="12" data-track-libelle="Nutri-score - C">         <span class="spanWCRS315_Checkbox">         <input type="checkbox" value="12-3"></span>         <label for="12-3" data-track-id="20010">C</label>     </li>      <li class="liValeurFiltre " data-iduniquefiltrevaleur="12-4" data-idbloc="12" data-track-libelle="Nutri-score - D">         <span class="spanWCRS315_Checkbox">         <input type="checkbox" value="12-4"></span>         <label for="12-4" data-track-id="20010">D</label>     </li>                  </ul>             </dd>         </dl>     </div>      <div class="divWCRS315_Wrap">         <dl class="dlCRS315_Filtre">             <dt><span>Notes des clients </span> <a href="#" class="aWCRS315_Toggle">&nbsp;</a></dt>             <dd style="height: auto;">                                  <ul class="ulWCRS315_Filters">                          <li class="liValeurFiltre " data-iduniquefiltrevaleur="14-1" data-idbloc="14" data-track-libelle="Notes des clients - 5">         <span class="spanWCRS315_Checkbox">         <input type="checkbox" value="14-1"></span>         <label for="14-1" data-track-id="20010">5</label>     </li>      <li class="liValeurFiltre " data-iduniquefiltrevaleur="14-2" data-idbloc="14" data-track-libelle="Notes des clients - 4">         <span class="spanWCRS315_Checkbox">         <input type="checkbox" value="14-2"></span>         <label for="14-2" data-track-id="20010">4</label>     </li>      <li class="liValeurFiltre " data-iduniquefiltrevaleur="14-3" data-idbloc="14" data-track-libelle="Notes des clients - 3">         <span class="spanWCRS315_Checkbox">         <input type="checkbox" value="14-3"></span>         <label for="14-3" data-track-id="20010">3</label>     </li>      <li class="liValeurFiltre " data-iduniquefiltrevaleur="14-4" data-idbloc="14" data-track-libelle="Notes des clients - 2">         <span class="spanWCRS315_Checkbox">         <input type="checkbox" value="14-4"></span>         <label for="14-4" data-track-id="20010">2</label>     </li>      <li class="liValeurFiltre " data-iduniquefiltrevaleur="14-5" data-idbloc="14" data-track-libelle="Notes des clients - 1">         <span class="spanWCRS315_Checkbox">         <input type="checkbox" value="14-5"></span>         <label for="14-5" data-track-id="20010">1</label>     </li>                  </ul>             </dd>         </dl>     </div> </div>
</div><div id="ctl00_ctl00_mainMutiUnivers_main_ctl01_ctl00_pnlTradeEncartFiltre" data-infomil-control="$.infomil.widgTradeEncartFiltre">

</div>


<div id="divWCRS338_Aide">

    <div class="divWCRS338_AideTitre">
        <h2>Besoin d'aide ?</h2>
    </div>
    <div id="divWCRS338_AideContenu" class="divWCRS338_AideContenu">
        <a onclick="window.open(encodeURI('https://mgt.leclercdrive.fr/drive/legal/magasin-079111-Massy-Palaiseau/aide-en-ligne.aspx?sSelfService=0&amp;iIdMarque=1'), '', 'width=870,height=750,toolbars=no,scrollbars=yes,status=no,resizable=yes');return false;" id="ctl00_ctl00_mainMutiUnivers_main_ctl02_lnkWCRS338_Aide" class="aWCRS338_BtnAide" href="javascript:__doPostBack('ctl00$ctl00$mainMutiUnivers$main$ctl02$lnkWCRS338_Aide','')">
            <div class="divWCRS338_Texte">
                <p>Vous avez une question ?</p>
            </div>
        </a>
    </div>
    <div class="lnkWCRS338_Acceder">
        <a onclick="window.open(encodeURI('https://mgt.leclercdrive.fr/drive/legal/magasin-079111-Massy-Palaiseau/aide-en-ligne.aspx?sSelfService=0&amp;iIdMarque=1'), '', 'width=870,height=750,toolbars=no,scrollbars=yes,status=no,resizable=yes');return false;" id="ctl00_ctl00_mainMutiUnivers_main_ctl02_lnkWCRS338_Acceder" class="WCTD_lienOrange WCSD330_Aide" href="javascript:__doPostBack('ctl00$ctl00$mainMutiUnivers$main$ctl02$lnkWCRS338_Acceder','')">Voir l'aide en ligne</a>
    </div>

</div>
            </aside>

            <div id="divContenuCentre" class="divWCRS001_ColonnePrincipale">

                <div id="ctl00_ctl00_mainMutiUnivers_main_ctl03_panelTri" data-infomil-control="$.infomil.widgTri">     <div class="divWCRS368_Sort orange">        <div id="divWCRS368_Select" class="divWCRS368_Select"><div sjsclass="WCTD201.Class.DropDownListNNav" class="selectNV selectNV--lg"><select class="selectWCTD hidden"><option value="1" selected="selected" data-track-tri="Tri par défaut">Tri par défaut</option><option value="2" data-track-tri="Tri par prix croissant">Tri par prix croissant</option><option value="3" data-track-tri="Tri par prix décroissant">Tri par prix décroissant</option><option value="4" data-track-tri="Tri par prix / Kg, L croissant">Tri par prix / Kg, L croissant</option><option value="5" data-track-tri="Tri par prix / Kg, L décroissant">Tri par prix / Kg, L décroissant</option><option value="6" data-track-tri="Tri par Meilleures notes">Tri par Meilleures notes</option></select><span class="selectNV__selected valeur-defaut">Tri par défaut</span><div class="selectNV__options"><div class="selectNV__option" data-val="1" tabindex="0" role="tab" selected="selected">Tri par défaut</div><div class="selectNV__option" data-val="2" tabindex="0" role="tab">Tri par prix croissant</div><div class="selectNV__option" data-val="3" tabindex="0" role="tab">Tri par prix décroissant</div><div class="selectNV__option" data-val="4" tabindex="0" role="tab">Tri par prix / Kg, L croissant</div><div class="selectNV__option" data-val="5" tabindex="0" role="tab">Tri par prix / Kg, L décroissant</div><div class="selectNV__option" data-val="6" tabindex="0" role="tab">Tri par Meilleures notes</div></div></div></div>       </div> </div>


<div id="ctl00_ctl00_mainMutiUnivers_main_ctl04_pnlBanniere" data-infomil-control="$.infomil.widgBannieres">





</div>








<div id="divWCRS310_ProductsList" class="divWCRS310_ProductsList">
    <div id="ctl00_ctl00_mainMutiUnivers_main_ctl05_pnlElementProduit" data-infomil-control="$.infomil.widgElementProduit">

        <ul id="ulListeProduits" class="avec-corner">     <li class="liWCRS310_Product      colonne1 ligne1 corner-haut-gauche" id="sId6" data-vignette="disponible">         <div class="divWCRS310_Bordure"></div>         <div class="divWCRS310_Content">             <a class="aWCRS310_Product">                 <img src="https://fd7-photos.leclercdrive.fr/image.ashx?id=2078365&amp;use=l&amp;cat=p&amp;typeid=i" alt="Orange à déguster Bio Village" width="165" height="165">             </a>                                           <!-- Ajout du html concernant le plus un moins un ou A composer suivant le type du produit -->                  <div class="divWCRS310_Panier masquerPlusUnMoinsUnAfficherPanier">         <a id="sLibellePictoAjouterProduit" href="#" class="aWCRS310_Add" data-track-id="1">Ajouter Produit</a>         <div class="divWCRS310_BlocIncrementerDecrementer">             <a href="#minus" class="aWCRS310_Less" data-track-id="2">-</a> <span id="spanWCRS310Quantite" class="spanWCRS310_count">0</span>             <a href="#plus" class="aWCRS310_More" data-track-id="1">+</a>         </div>     </div>                          <div class="divWCRS310_PrixUnitaire">                 <p class="pWCRS310_PrixUnitairePartieEntiere">                     2                 </p>                 <p class="pWCRS310_SigleMonetaire">                    €                 </p>                 <p class="pWCRS310_PrixUnitairePartieDecimale">                     ,49                 </p>             </div>             <div>                              <p class="pWCRS310_PrixUniteMesure">                     0,62 € / p                 </p>                          </div>                      <span class="spanWCRS310_Clear"></span>             <p class="pWCRS310_Desc">                 <a class="aWCRS310_Product">Orange à déguster Bio Village<br>                     x4                   </a>                                       <span class="spanWCRS310_Origine" data-tooltip="Origine">AFRIQUE DU SUD</span>                              </p>             <div class="divWCRS310_Mentions">    <dl class="ulWCRS310_Mentions">        <dt>Catégorie</dt>        <dd>Cat-2-</dd>        <dt>Calibre</dt>        <dd>CAL-5/6 - 70/84MM</dd>        <dt>Variété</dt>        <dd>CAMBRIA</dd>        <dt>Traitement 1</dt>        <dd>.</dd>        <dt>Traitement 2</dt>        <dd>.</dd>    </dl></div>                  <div class="divWCRS310_HG divWCRS310_ZonesStickerVignette">              </div>     <div class="divWCRS310_MG divWCRS310_ZonesStickerVignette divWCRS310_SansCorner ">                          <img src="https://fd7-photos.leclercdrive.fr/logohandler.ashx?logo=1&amp;mindim=33" alt="Marque rep&amp;#232;re">                          <img src="https://fd7-photos.leclercdrive.fr/PictoLabelQualite.ashx?id=10&amp;mindim=25&amp;v=2" alt="Fili&amp;#232;re qualit&amp;#233;" data-tooltip2="StickerTexte" data-idsticker="2" data-typesticker="QUALITE">           </div>     <div class="divWCRS310_BG divWCRS310_ZonesStickerVignette">                          <img src="https://fd7-photos.leclercdrive.fr/StickerAvisClient.ashx?id=158" alt="">              </div>     <div class="divWCRS310_TD divWCRS310_ZonesStickerVignette">              </div>     <div class="divWCRS310_HD divWCRS310_ZonesStickerVignette">              </div>     <div class="divWCRS310_BD divWCRS310_ZonesStickerVignette">                     <img src="https://fd7-photos.leclercdrive.fr/VisuelEchelle.ashx?Id=665&amp;mindim=46" alt="">              </div>     <div class="divWCRS310_BGH divWCRS310_ZonesStickerVignette">              </div>     <div class="divWCRS310_MM divWCRS310_ZonesStickerVignette">              </div>          </div>              <div class="divWCRS310_Outils solo">          <ul class="ulWCRS310_Outils">                  <li>         <a href="#" class="aWCRS310_Add2List" title="Ajouter à mes listes">Ajouter à mes listes<span>&nbsp;</span></a>     </li>           </ul>          <a class="spanWCRS310_Fleche" title="Voir plus de fonctionnalités" href="#">&nbsp;</a>      </div>                             <p class="pWCRS310_HomogeneSucces visible_false"></p>         <p class="pWCRS310_QteMinPanierAtteinte visible_false"></p>      </li>      <li class="liWCRS310_Product      colonne2 ligne1" id="sId7" data-vignette="disponible">         <div class="divWCRS310_Bordure"></div>         <div class="divWCRS310_Content">             <a class="aWCRS310_Product">                 <img src="https://fd7-photos.leclercdrive.fr/image.ashx?id=2129239&amp;use=l&amp;cat=p&amp;typeid=i" alt="Orange à jus Bio Village" width="165" height="165">             </a>                                           <!-- Ajout du html concernant le plus un moins un ou A composer suivant le type du produit -->                  <div class="divWCRS310_Panier masquerPlusUnMoinsUnAfficherPanier">         <a id="sLibellePictoAjouterProduit" href="#" class="aWCRS310_Add" data-track-id="1">Ajouter Produit</a>         <div class="divWCRS310_BlocIncrementerDecrementer">             <a href="#minus" class="aWCRS310_Less" data-track-id="2">-</a> <span id="spanWCRS310Quantite" class="spanWCRS310_count">0</span>             <a href="#plus" class="aWCRS310_More" data-track-id="1">+</a>         </div>     </div>                          <div class="divWCRS310_PrixUnitaire">                 <p class="pWCRS310_PrixUnitairePartieEntiere">                     2                 </p>                 <p class="pWCRS310_SigleMonetaire">                    €                 </p>                 <p class="pWCRS310_PrixUnitairePartieDecimale">                     ,49                 </p>             </div>             <div>                              <p class="pWCRS310_PrixUniteMesure">                     2,49 € / kg                 </p>                          </div>                      <span class="spanWCRS310_Clear"></span>             <p class="pWCRS310_Desc">                 <a class="aWCRS310_Product">Orange à jus Bio Village<br>                     1kg                  </a>                                       <span class="spanWCRS310_Origine" data-tooltip="Origine">ESPAGNE</span>                              </p>             <div class="divWCRS310_Mentions">    <dl class="ulWCRS310_Mentions">        <dt>Catégorie</dt>        <dd>Cat-1-</dd>        <dt>Calibre</dt>        <dd>CAL-7/8 - 64/76MM</dd>        <dt>Variété</dt>        <dd>SALUSTIANA</dd>        <dt>Traitement 1</dt>        <dd>agriculture biologique</dd>        <dt>Traitement 2</dt>        <dd>Sans</dd>    </dl></div>                  <div class="divWCRS310_HG divWCRS310_ZonesStickerVignette">              </div>     <div class="divWCRS310_MG divWCRS310_ZonesStickerVignette divWCRS310_SansCorner ">                          <img src="https://fd7-photos.leclercdrive.fr/logohandler.ashx?logo=1&amp;mindim=33" alt="Marque rep&amp;#232;re">                          <img src="https://fd7-photos.leclercdrive.fr/PictoLabelQualite.ashx?id=10&amp;mindim=25&amp;v=2" alt="Fili&amp;#232;re qualit&amp;#233;" data-tooltip2="StickerTexte" data-idsticker="2" data-typesticker="QUALITE">           </div>     <div class="divWCRS310_BG divWCRS310_ZonesStickerVignette">                          <img src="https://fd7-photos.leclercdrive.fr/StickerAvisClient.ashx?id=157" alt="">              </div>     <div class="divWCRS310_TD divWCRS310_ZonesStickerVignette">              </div>     <div class="divWCRS310_HD divWCRS310_ZonesStickerVignette">              </div>     <div class="divWCRS310_BD divWCRS310_ZonesStickerVignette">                     <img src="https://fd7-photos.leclercdrive.fr/VisuelEchelle.ashx?Id=645&amp;mindim=46" alt="">              </div>     <div class="divWCRS310_BGH divWCRS310_ZonesStickerVignette">              </div>     <div class="divWCRS310_MM divWCRS310_ZonesStickerVignette">              </div>          </div>              <div class="divWCRS310_Outils solo">          <ul class="ulWCRS310_Outils">                  <li>         <a href="#" class="aWCRS310_Add2List" title="Ajouter à mes listes">Ajouter à mes listes<span>&nbsp;</span></a>     </li>           </ul>          <a class="spanWCRS310_Fleche" title="Voir plus de fonctionnalités" href="#">&nbsp;</a>      </div>                             <p class="pWCRS310_HomogeneSucces visible_false"></p>         <p class="pWCRS310_QteMinPanierAtteinte visible_false"></p>      </li>      <li class="liWCRS310_Product      colonne3 ligne1" id="sId8" data-vignette="disponible">         <div class="divWCRS310_Bordure"></div>         <div class="divWCRS310_Content">             <a class="aWCRS310_Product">                 <img src="https://fd7-photos.leclercdrive.fr/image.ashx?id=2233295&amp;use=l&amp;cat=p&amp;typeid=i" alt="Mandarine Bio Village" width="165" height="165">             </a>                                           <!-- Ajout du html concernant le plus un moins un ou A composer suivant le type du produit -->                  <div class="divWCRS310_Panier masquerPlusUnMoinsUnAfficherPanier">         <a id="sLibellePictoAjouterProduit" href="#" class="aWCRS310_Add" data-track-id="1">Ajouter Produit</a>         <div class="divWCRS310_BlocIncrementerDecrementer">             <a href="#minus" class="aWCRS310_Less" data-track-id="2">-</a> <span id="spanWCRS310Quantite" class="spanWCRS310_count">0</span>             <a href="#plus" class="aWCRS310_More" data-track-id="1">+</a>         </div>     </div>                          <div class="divWCRS310_PrixUnitaire">                 <p class="pWCRS310_PrixUnitairePartieEntiere">                     3                 </p>                 <p class="pWCRS310_SigleMonetaire">                    €                 </p>                 <p class="pWCRS310_PrixUnitairePartieDecimale">                     ,49                 </p>             </div>             <div>                              <p class="pWCRS310_PrixUniteMesure">                     4,65 € / kg                 </p>                          </div>                      <span class="spanWCRS310_Clear"></span>             <p class="pWCRS310_Desc">                 <a class="aWCRS310_Product">Mandarine Bio Village<br>                     A déguster - 750g                  </a>                                       <span class="spanWCRS310_Origine" data-tooltip="Origine">ESPAGNE</span>                              </p>             <div class="divWCRS310_Mentions">    <dl class="ulWCRS310_Mentions">        <dt>Catégorie</dt>        <dd>CAT-2-</dd>        <dt>Calibre</dt>        <dd>CAL 2/3 - 54/69MM</dd>        <dt>Variété</dt>        <dd>CLEMENVILLA</dd>        <dt>Traitement 1</dt>        <dd>-</dd>        <dt>Traitement 2</dt>        <dd>-</dd>    </dl></div>                  <div class="divWCRS310_HG divWCRS310_ZonesStickerVignette">              </div>     <div class="divWCRS310_MG divWCRS310_ZonesStickerVignette divWCRS310_SansCorner ">                          <img src="https://fd7-photos.leclercdrive.fr/logohandler.ashx?logo=1&amp;mindim=33" alt="Marque rep&amp;#232;re">                          <img src="https://fd7-photos.leclercdrive.fr/PictoLabelQualite.ashx?id=10&amp;mindim=25&amp;v=2" alt="Fili&amp;#232;re qualit&amp;#233;" data-tooltip2="StickerTexte" data-idsticker="2" data-typesticker="QUALITE">           </div>     <div class="divWCRS310_BG divWCRS310_ZonesStickerVignette">                          <img src="https://fd7-photos.leclercdrive.fr/StickerAvisClient.ashx?id=157" alt="">              </div>     <div class="divWCRS310_TD divWCRS310_ZonesStickerVignette">              </div>     <div class="divWCRS310_HD divWCRS310_ZonesStickerVignette">              </div>     <div class="divWCRS310_BD divWCRS310_ZonesStickerVignette">                     <img src="https://fd7-photos.leclercdrive.fr/VisuelEchelle.ashx?Id=978&amp;mindim=46" alt="">              </div>     <div class="divWCRS310_BGH divWCRS310_ZonesStickerVignette">              </div>     <div class="divWCRS310_MM divWCRS310_ZonesStickerVignette">              </div>          </div>              <div class="divWCRS310_Outils solo">          <ul class="ulWCRS310_Outils">                  <li>         <a href="#" class="aWCRS310_Add2List" title="Ajouter à mes listes">Ajouter à mes listes<span>&nbsp;</span></a>     </li>           </ul>          <a class="spanWCRS310_Fleche" title="Voir plus de fonctionnalités" href="#">&nbsp;</a>      </div>                             <p class="pWCRS310_HomogeneSucces visible_false"></p>         <p class="pWCRS310_QteMinPanierAtteinte visible_false"></p>      </li>      <li class="liWCRS310_Product      colonne4 ligne1 corner-haut-droite" id="sId9" data-vignette="disponible">         <div class="divWCRS310_Bordure"></div>         <div class="divWCRS310_Content">             <a class="aWCRS310_Product">                 <img src="https://fd7-photos.leclercdrive.fr/image.ashx?id=2232785&amp;use=l&amp;cat=p&amp;typeid=i" alt="Citrons Bio Village" width="165" height="165">             </a>                                           <!-- Ajout du html concernant le plus un moins un ou A composer suivant le type du produit -->                  <div class="divWCRS310_Panier masquerPlusUnMoinsUnAfficherPanier">         <a id="sLibellePictoAjouterProduit" href="#" class="aWCRS310_Add" data-track-id="1">Ajouter Produit</a>         <div class="divWCRS310_BlocIncrementerDecrementer">             <a href="#minus" class="aWCRS310_Less" data-track-id="2">-</a> <span id="spanWCRS310Quantite" class="spanWCRS310_count">0</span>             <a href="#plus" class="aWCRS310_More" data-track-id="1">+</a>         </div>     </div>                          <div class="divWCRS310_PrixUnitaire">                 <p class="pWCRS310_PrixUnitairePartieEntiere">                     1                 </p>                 <p class="pWCRS310_SigleMonetaire">                    €                 </p>                 <p class="pWCRS310_PrixUnitairePartieDecimale">                     ,99                 </p>             </div>             <div>                              <p class="pWCRS310_PrixUniteMesure">                     0,50 € / p                 </p>                          </div>                      <span class="spanWCRS310_Clear"></span>             <p class="pWCRS310_Desc">                 <a class="aWCRS310_Product">Citrons Bio Village<br>                     4 pièces                  </a>                                       <span class="spanWCRS310_Origine" data-tooltip="Origine">ESPAGNE</span>                              </p>             <div class="divWCRS310_Mentions">    <dl class="ulWCRS310_Mentions">        <dt>Catégorie</dt>        <dd>CAT-2-</dd>        <dt>Calibre</dt>        <dd>CAL-3/4 - 58/72MM</dd>        <dt>Traitement 1</dt>        <dd>.</dd>        <dt>Traitement 2</dt>        <dd>*</dd>    </dl></div>                  <div class="divWCRS310_HG divWCRS310_ZonesStickerVignette">              </div>     <div class="divWCRS310_MG divWCRS310_ZonesStickerVignette divWCRS310_SansCorner ">                          <img src="https://fd7-photos.leclercdrive.fr/logohandler.ashx?logo=1&amp;mindim=33" alt="Marque rep&amp;#232;re">                          <img src="https://fd7-photos.leclercdrive.fr/PictoLabelQualite.ashx?id=10&amp;mindim=25&amp;v=2" alt="Fili&amp;#232;re qualit&amp;#233;" data-tooltip2="StickerTexte" data-idsticker="2" data-typesticker="QUALITE">           </div>     <div class="divWCRS310_BG divWCRS310_ZonesStickerVignette">                          <img src="https://fd7-photos.leclercdrive.fr/StickerAvisClient.ashx?id=159" alt="">              </div>     <div class="divWCRS310_TD divWCRS310_ZonesStickerVignette">              </div>     <div class="divWCRS310_HD divWCRS310_ZonesStickerVignette">              </div>     <div class="divWCRS310_BD divWCRS310_ZonesStickerVignette">                     <img src="https://fd7-photos.leclercdrive.fr/VisuelEchelle.ashx?Id=644&amp;mindim=46" alt="">              </div>     <div class="divWCRS310_BGH divWCRS310_ZonesStickerVignette">              </div>     <div class="divWCRS310_MM divWCRS310_ZonesStickerVignette">              </div>          </div>              <div class="divWCRS310_Outils solo">          <ul class="ulWCRS310_Outils">                  <li>         <a href="#" class="aWCRS310_Add2List" title="Ajouter à mes listes">Ajouter à mes listes<span>&nbsp;</span></a>     </li>           </ul>          <a class="spanWCRS310_Fleche" title="Voir plus de fonctionnalités" href="#">&nbsp;</a>      </div>                             <p class="pWCRS310_HomogeneSucces visible_false"></p>         <p class="pWCRS310_QteMinPanierAtteinte visible_false"></p>      </li>      <li class="liWCRS310_Product      colonne1 ligne2" id="sId10" data-vignette="disponible">         <div class="divWCRS310_Bordure"></div>         <div class="divWCRS310_Content">             <a class="aWCRS310_Product">                 <img src="https://fd7-photos.leclercdrive.fr/image.ashx?id=2373024&amp;use=l&amp;cat=p&amp;typeid=i" alt="Citron vert Bio Village" width="165" height="165">             </a>                                           <!-- Ajout du html concernant le plus un moins un ou A composer suivant le type du produit -->                  <div class="divWCRS310_Panier masquerPlusUnMoinsUnAfficherPanier">         <a id="sLibellePictoAjouterProduit" href="#" class="aWCRS310_Add" data-track-id="1">Ajouter Produit</a>         <div class="divWCRS310_BlocIncrementerDecrementer">             <a href="#minus" class="aWCRS310_Less" data-track-id="2">-</a> <span id="spanWCRS310Quantite" class="spanWCRS310_count">0</span>             <a href="#plus" class="aWCRS310_More" data-track-id="1">+</a>         </div>     </div>                          <div class="divWCRS310_PrixUnitaire">                 <p class="pWCRS310_PrixUnitairePartieEntiere">                     2                 </p>                 <p class="pWCRS310_SigleMonetaire">                    €                 </p>                 <p class="pWCRS310_PrixUnitairePartieDecimale">                     ,49                 </p>             </div>             <div>                              <p class="pWCRS310_PrixUniteMesure">                     0,83 € / p                 </p>                          </div>                      <span class="spanWCRS310_Clear"></span>             <p class="pWCRS310_Desc">                 <a class="aWCRS310_Product">Citron vert Bio Village<br>                     x3                  </a>                                       <span class="spanWCRS310_Origine" data-tooltip="Origine">COLOMBIE</span>                              </p>             <div class="divWCRS310_Mentions">    <dl class="ulWCRS310_Mentions">        <dt>Catégorie</dt>        <dd>CAT-2-</dd>        <dt>Calibre</dt>        <dd>CAL-6 - 48/57MM</dd>        <dt>Traitement 1</dt>        <dd>.</dd>        <dt>Traitement 2</dt>        <dd>.</dd>    </dl></div>                  <div class="divWCRS310_HG divWCRS310_ZonesStickerVignette">              </div>     <div class="divWCRS310_MG divWCRS310_ZonesStickerVignette divWCRS310_SansCorner ">                          <img src="https://fd7-photos.leclercdrive.fr/PictoLabelQualite.ashx?id=10&amp;mindim=25&amp;v=2" alt="Fili&amp;#232;re qualit&amp;#233;" data-tooltip2="StickerTexte" data-idsticker="2" data-typesticker="QUALITE">           </div>     <div class="divWCRS310_BG divWCRS310_ZonesStickerVignette">              </div>     <div class="divWCRS310_TD divWCRS310_ZonesStickerVignette">              </div>     <div class="divWCRS310_HD divWCRS310_ZonesStickerVignette">              </div>     <div class="divWCRS310_BD divWCRS310_ZonesStickerVignette">                     <img src="https://fd7-photos.leclercdrive.fr/VisuelEchelle.ashx?Id=664&amp;mindim=46" alt="">              </div>     <div class="divWCRS310_BGH divWCRS310_ZonesStickerVignette">              </div>     <div class="divWCRS310_MM divWCRS310_ZonesStickerVignette">              </div>          </div>              <div class="divWCRS310_Outils solo">          <ul class="ulWCRS310_Outils">                  <li>         <a href="#" class="aWCRS310_Add2List" title="Ajouter à mes listes">Ajouter à mes listes<span>&nbsp;</span></a>     </li>           </ul>          <a class="spanWCRS310_Fleche" title="Voir plus de fonctionnalités" href="#">&nbsp;</a>      </div>                             <p class="pWCRS310_HomogeneSucces visible_false"></p>         <p class="pWCRS310_QteMinPanierAtteinte visible_false"></p>      </li>      <li class="liWCRS310_Product      colonne2 ligne2" id="sId11" data-vignette="disponible">         <div class="divWCRS310_Bordure"></div>         <div class="divWCRS310_Content">             <a class="aWCRS310_Product">                 <img src="https://fd7-photos.leclercdrive.fr/image.ashx?id=2323988&amp;use=l&amp;cat=p&amp;typeid=i" alt="Banane Bio Max Havelaar " width="165" height="165">             </a>                                           <!-- Ajout du html concernant le plus un moins un ou A composer suivant le type du produit -->                  <div class="divWCRS310_Panier masquerPlusUnMoinsUnAfficherPanier">         <a id="sLibellePictoAjouterProduit" href="#" class="aWCRS310_Add" data-track-id="1">Ajouter Produit</a>         <div class="divWCRS310_BlocIncrementerDecrementer">             <a href="#minus" class="aWCRS310_Less" data-track-id="2">-</a> <span id="spanWCRS310Quantite" class="spanWCRS310_count">0</span>             <a href="#plus" class="aWCRS310_More" data-track-id="1">+</a>         </div>     </div>                          <div class="divWCRS310_PrixUnitaire">                 <p class="pWCRS310_PrixUnitairePartieEntiere">                     1                 </p>                 <p class="pWCRS310_SigleMonetaire">                    €                 </p>                 <p class="pWCRS310_PrixUnitairePartieDecimale">                     ,99                 </p>             </div>             <div>                              <p class="pWCRS310_PrixUniteMesure">                     0,40 € / p                 </p>                          </div>                      <span class="spanWCRS310_Clear"></span>             <p class="pWCRS310_Desc">                 <a class="aWCRS310_Product">Banane Bio Max Havelaar <br>                     Bio Village x5                  </a>                                       <span class="spanWCRS310_Origine" data-tooltip="Origine">ÉQUATEUR</span>                              </p>             <div class="divWCRS310_Mentions">    <dl class="ulWCRS310_Mentions">        <dt>Catégorie</dt>        <dd>Cat-2-</dd>        <dt>Calibre</dt>        <dd>CAL-P14</dd>        <dt>Variété</dt>        <dd>CAVENDISH</dd>    </dl></div>                  <div class="divWCRS310_HG divWCRS310_ZonesStickerVignette">              </div>     <div class="divWCRS310_MG divWCRS310_ZonesStickerVignette divWCRS310_SansCorner ">                          <img src="https://fd7-photos.leclercdrive.fr/logohandler.ashx?logo=1&amp;mindim=33" alt="Marque rep&amp;#232;re">                          <img src="https://fd7-photos.leclercdrive.fr/PictoLabelQualite.ashx?id=10&amp;mindim=25&amp;v=2" alt="Fili&amp;#232;re qualit&amp;#233;" data-tooltip2="StickerTexte" data-idsticker="2" data-typesticker="QUALITE">                           <img src="https://fd7-photos.leclercdrive.fr/PictoLabelQualite.ashx?id=12&amp;mindim=25&amp;v=2" alt="Fili&amp;#232;re qualit&amp;#233;" data-tooltip2="StickerTexte" data-idsticker="11" data-typesticker="QUALITE">           </div>     <div class="divWCRS310_BG divWCRS310_ZonesStickerVignette">                          <img src="https://fd7-photos.leclercdrive.fr/StickerAvisClient.ashx?id=158" alt="">              </div>     <div class="divWCRS310_TD divWCRS310_ZonesStickerVignette">              </div>     <div class="divWCRS310_HD divWCRS310_ZonesStickerVignette">              </div>     <div class="divWCRS310_BD divWCRS310_ZonesStickerVignette">                     <img src="https://fd7-photos.leclercdrive.fr/VisuelEchelle.ashx?Id=666&amp;mindim=46" alt="">              </div>     <div class="divWCRS310_BGH divWCRS310_ZonesStickerVignette">              </div>     <div class="divWCRS310_MM divWCRS310_ZonesStickerVignette">              </div>          </div>              <div class="divWCRS310_Outils solo">          <ul class="ulWCRS310_Outils">                  <li>         <a href="#" class="aWCRS310_Add2List" title="Ajouter à mes listes">Ajouter à mes listes<span>&nbsp;</span></a>     </li>           </ul>          <a class="spanWCRS310_Fleche" title="Voir plus de fonctionnalités" href="#">&nbsp;</a>      </div>                             <p class="pWCRS310_HomogeneSucces visible_false"></p>         <p class="pWCRS310_QteMinPanierAtteinte visible_false"></p>           <div class="divWCRS310_Tooltip divWCRS310_TooltipOrigine" data-tooltip="Origine" style="display: none;">              <p class="pWCRS310_ContenuTooltip">         ÉQUATEUR     </p>       </div> </li>      <li class="liWCRS310_Product      colonne3 ligne2" id="sId12" data-vignette="disponible">         <div class="divWCRS310_Bordure"></div>         <div class="divWCRS310_Content">             <a class="aWCRS310_Product">                 <img src="https://fd7-photos.leclercdrive.fr/image.ashx?id=2338712&amp;use=l&amp;cat=p&amp;typeid=i" alt="Kiwi Bio Village" width="165" height="165">             </a>                                           <!-- Ajout du html concernant le plus un moins un ou A composer suivant le type du produit -->                  <div class="divWCRS310_Panier masquerPlusUnMoinsUnAfficherPanier">         <a id="sLibellePictoAjouterProduit" href="#" class="aWCRS310_Add" data-track-id="1">Ajouter Produit</a>         <div class="divWCRS310_BlocIncrementerDecrementer">             <a href="#minus" class="aWCRS310_Less" data-track-id="2">-</a> <span id="spanWCRS310Quantite" class="spanWCRS310_count">0</span>             <a href="#plus" class="aWCRS310_More" data-track-id="1">+</a>         </div>     </div>                          <div class="divWCRS310_PrixUnitaire">                 <p class="pWCRS310_PrixUnitairePartieEntiere">                     3                 </p>                 <p class="pWCRS310_SigleMonetaire">                    €                 </p>                 <p class="pWCRS310_PrixUnitairePartieDecimale">                     ,49                 </p>             </div>             <div>                              <p class="pWCRS310_PrixUniteMesure">                     0,58 € / p                 </p>                          </div>                      <span class="spanWCRS310_Clear"></span>             <p class="pWCRS310_Desc">                 <a class="aWCRS310_Product">Kiwi Bio Village<br>                     x6                  </a>                                       <span class="spanWCRS310_Origine" data-tooltip="Origine">CHILI</span>                              </p>             <div class="divWCRS310_Mentions">    <dl class="ulWCRS310_Mentions">        <dt>Catégorie</dt>        <dd>CAT-2-</dd>        <dt>Calibre</dt>        <dd>CAL-39 - 75/80G</dd>    </dl></div>                  <div class="divWCRS310_HG divWCRS310_ZonesStickerVignette">              </div>     <div class="divWCRS310_MG divWCRS310_ZonesStickerVignette divWCRS310_SansCorner ">                          <img src="https://fd7-photos.leclercdrive.fr/logohandler.ashx?logo=1&amp;mindim=33" alt="Marque rep&amp;#232;re">                          <img src="https://fd7-photos.leclercdrive.fr/PictoLabelQualite.ashx?id=10&amp;mindim=25&amp;v=2" alt="Fili&amp;#232;re qualit&amp;#233;" data-tooltip2="StickerTexte" data-idsticker="2" data-typesticker="QUALITE">           </div>     <div class="divWCRS310_BG divWCRS310_ZonesStickerVignette">                          <img src="https://fd7-photos.leclercdrive.fr/StickerAvisClient.ashx?id=159" alt="">              </div>     <div class="divWCRS310_TD divWCRS310_ZonesStickerVignette">              </div>     <div class="divWCRS310_HD divWCRS310_ZonesStickerVignette">              </div>     <div class="divWCRS310_BD divWCRS310_ZonesStickerVignette">                     <img src="https://fd7-photos.leclercdrive.fr/VisuelEchelle.ashx?Id=667&amp;mindim=46" alt="">              </div>     <div class="divWCRS310_BGH divWCRS310_ZonesStickerVignette">              </div>     <div class="divWCRS310_MM divWCRS310_ZonesStickerVignette">              </div>          </div>              <div class="divWCRS310_Outils solo">          <ul class="ulWCRS310_Outils">                  <li>         <a href="#" class="aWCRS310_Add2List" title="Ajouter à mes listes">Ajouter à mes listes<span>&nbsp;</span></a>     </li>           </ul>          <a class="spanWCRS310_Fleche" title="Voir plus de fonctionnalités" href="#">&nbsp;</a>      </div>                             <p class="pWCRS310_HomogeneSucces visible_false"></p>         <p class="pWCRS310_QteMinPanierAtteinte visible_false"></p>      </li>      <li class="liWCRS310_Product      colonne4 ligne2" id="sId13" data-vignette="disponible">         <div class="divWCRS310_Bordure"></div>         <div class="divWCRS310_Content">             <a class="aWCRS310_Product">                 <img src="https://fd7-photos.leclercdrive.fr/image.ashx?id=1501569&amp;use=l&amp;cat=p&amp;typeid=i" alt="Pommes bicolores Bio Village" width="165" height="165">             </a>                                           <!-- Ajout du html concernant le plus un moins un ou A composer suivant le type du produit -->                  <div class="divWCRS310_Panier masquerPlusUnMoinsUnAfficherPanier">         <a id="sLibellePictoAjouterProduit" href="#" class="aWCRS310_Add" data-track-id="1">Ajouter Produit</a>         <div class="divWCRS310_BlocIncrementerDecrementer">             <a href="#minus" class="aWCRS310_Less" data-track-id="2">-</a> <span id="spanWCRS310Quantite" class="spanWCRS310_count">0</span>             <a href="#plus" class="aWCRS310_More" data-track-id="1">+</a>         </div>     </div>                          <div class="divWCRS310_PrixUnitaire">                 <p class="pWCRS310_PrixUnitairePartieEntiere">                     1                 </p>                 <p class="pWCRS310_SigleMonetaire">                    €                 </p>                 <p class="pWCRS310_PrixUnitairePartieDecimale">                     ,99                 </p>             </div>             <div>                              <p class="pWCRS310_PrixUniteMesure">                     0,50 € / p                 </p>                          </div>                      <span class="spanWCRS310_Clear"></span>             <p class="pWCRS310_Desc">                 <a class="aWCRS310_Product">Pommes bicolores Bio Village<br>                     x4                  </a>                                       <span class="spanWCRS310_Origine" data-tooltip="Origine">FRANCE</span>                              </p>             <div class="divWCRS310_Mentions">    <dl class="ulWCRS310_Mentions">        <dt>Catégorie</dt>        <dd>CAT-2-</dd>        <dt>Calibre</dt>        <dd>115/135G</dd>        <dt>Variété</dt>        <dd>GALA</dd>    </dl></div>                  <div class="divWCRS310_HG divWCRS310_ZonesStickerVignette">              </div>     <div class="divWCRS310_MG divWCRS310_ZonesStickerVignette divWCRS310_SansCorner ">                          <img src="https://fd7-photos.leclercdrive.fr/logohandler.ashx?logo=1&amp;mindim=33" alt="Marque rep&amp;#232;re">                          <img src="https://fd7-photos.leclercdrive.fr/PictoLabelQualite.ashx?id=10&amp;mindim=25&amp;v=2" alt="Fili&amp;#232;re qualit&amp;#233;" data-tooltip2="StickerTexte" data-idsticker="2" data-typesticker="QUALITE">           </div>     <div class="divWCRS310_BG divWCRS310_ZonesStickerVignette">                          <img src="https://fd7-photos.leclercdrive.fr/StickerAvisClient.ashx?id=158" alt="">              </div>     <div class="divWCRS310_TD divWCRS310_ZonesStickerVignette">              </div>     <div class="divWCRS310_HD divWCRS310_ZonesStickerVignette">              </div>     <div class="divWCRS310_BD divWCRS310_ZonesStickerVignette">                              <img src="https://fd7-photos.leclercdrive.fr/logohandler.ashx?logo=100&amp;mindim=25" alt="Fra&amp;#238;cheur">                     <img src="https://fd7-photos.leclercdrive.fr/VisuelEchelle.ashx?Id=665&amp;mindim=46" alt="">              </div>     <div class="divWCRS310_BGH divWCRS310_ZonesStickerVignette">              </div>     <div class="divWCRS310_MM divWCRS310_ZonesStickerVignette">              </div>          </div>              <div class="divWCRS310_Outils solo">          <ul class="ulWCRS310_Outils">                  <li>         <a href="#" class="aWCRS310_Add2List" title="Ajouter à mes listes">Ajouter à mes listes<span>&nbsp;</span></a>     </li>           </ul>          <a class="spanWCRS310_Fleche" title="Voir plus de fonctionnalités" href="#">&nbsp;</a>      </div>                             <p class="pWCRS310_HomogeneSucces visible_false"></p>         <p class="pWCRS310_QteMinPanierAtteinte visible_false"></p>      </li>      <li class="liWCRS310_Product      colonne1 ligne3" id="sId14" data-vignette="disponible">         <div class="divWCRS310_Bordure"></div>         <div class="divWCRS310_Content">             <a class="aWCRS310_Product">                 <img src="https://fd7-photos.leclercdrive.fr/image.ashx?id=1291297&amp;use=l&amp;cat=p&amp;typeid=i" alt="Pomme Jaune Bio Village" width="165" height="165">             </a>                                           <!-- Ajout du html concernant le plus un moins un ou A composer suivant le type du produit -->                  <div class="divWCRS310_Panier masquerPlusUnMoinsUnAfficherPanier">         <a id="sLibellePictoAjouterProduit" href="#" class="aWCRS310_Add" data-track-id="1">Ajouter Produit</a>         <div class="divWCRS310_BlocIncrementerDecrementer">             <a href="#minus" class="aWCRS310_Less" data-track-id="2">-</a> <span id="spanWCRS310Quantite" class="spanWCRS310_count">0</span>             <a href="#plus" class="aWCRS310_More" data-track-id="1">+</a>         </div>     </div>                          <div class="divWCRS310_PrixUnitaire">                 <p class="pWCRS310_PrixUnitairePartieEntiere">                     2                 </p>                 <p class="pWCRS310_SigleMonetaire">                    €                 </p>                 <p class="pWCRS310_PrixUnitairePartieDecimale">                     ,29                 </p>             </div>             <div>                              <p class="pWCRS310_PrixUniteMesure">                     0,57 € / p                 </p>                          </div>                      <span class="spanWCRS310_Clear"></span>             <p class="pWCRS310_Desc">                 <a class="aWCRS310_Product">Pomme Jaune Bio Village<br>                     x4                  </a>                                       <span class="spanWCRS310_Origine" data-tooltip="Origine">FRANCE</span>                              </p>             <div class="divWCRS310_Mentions">    <dl class="ulWCRS310_Mentions">        <dt>Catégorie</dt>        <dd>CAT-2-</dd>        <dt>Calibre</dt>        <dd>115/150G</dd>        <dt>Variété</dt>        <dd>OPAL</dd>    </dl></div>                  <div class="divWCRS310_HG divWCRS310_ZonesStickerVignette">              </div>     <div class="divWCRS310_MG divWCRS310_ZonesStickerVignette divWCRS310_SansCorner ">                          <img src="https://fd7-photos.leclercdrive.fr/logohandler.ashx?logo=1&amp;mindim=33" alt="Marque rep&amp;#232;re">                          <img src="https://fd7-photos.leclercdrive.fr/PictoLabelQualite.ashx?id=10&amp;mindim=25&amp;v=2" alt="Fili&amp;#232;re qualit&amp;#233;" data-tooltip2="StickerTexte" data-idsticker="2" data-typesticker="QUALITE">           </div>     <div class="divWCRS310_BG divWCRS310_ZonesStickerVignette">                          <img src="https://fd7-photos.leclercdrive.fr/StickerAvisClient.ashx?id=159" alt="">              </div>     <div class="divWCRS310_TD divWCRS310_ZonesStickerVignette">              </div>     <div class="divWCRS310_HD divWCRS310_ZonesStickerVignette">              </div>     <div class="divWCRS310_BD divWCRS310_ZonesStickerVignette">                              <img src="https://fd7-photos.leclercdrive.fr/logohandler.ashx?logo=100&amp;mindim=25" alt="Fra&amp;#238;cheur">                     <img src="https://fd7-photos.leclercdrive.fr/VisuelEchelle.ashx?Id=1556&amp;mindim=46" alt="">              </div>     <div class="divWCRS310_BGH divWCRS310_ZonesStickerVignette">              </div>     <div class="divWCRS310_MM divWCRS310_ZonesStickerVignette">              </div>          </div>              <div class="divWCRS310_Outils solo">          <ul class="ulWCRS310_Outils">                  <li>         <a href="#" class="aWCRS310_Add2List" title="Ajouter à mes listes">Ajouter à mes listes<span>&nbsp;</span></a>     </li>           </ul>          <a class="spanWCRS310_Fleche" title="Voir plus de fonctionnalités" href="#">&nbsp;</a>      </div>                             <p class="pWCRS310_HomogeneSucces visible_false"></p>         <p class="pWCRS310_QteMinPanierAtteinte visible_false"></p>      </li>      <li class="liWCRS310_Product liWCRS310_Unavailable colonne2 ligne3" id="sId15" data-vignette="bientotDisponible">         <div class="divWCRS310_Content">             <img src="https://fd7-photos.leclercdrive.fr/image.ashx?id=2365511&amp;use=l&amp;cat=p&amp;typeid=i" alt="Framboise Bio Village " width="165" height="165">             <p class="pWCRS310_Info">                 Bientôt disponible</p>       <p>                 <a href="#" class="aWCRS310_Substitute bouton bouton-substitution visible_false" data-track="37100">Produits similaires</a></p>              <div class="divWCRS310_PrixUnitaire visible_true">                 <p class="pWCRS310_PrixUnitairePartieEntiere">                     2                 </p>                 <p class="pWCRS310_SigleMonetaire">                    €                 </p>                 <p class="pWCRS310_PrixUnitairePartieDecimale">                     ,99                 </p>             </div>              <p class="pWCRS310_PrixUniteMesure visible_true">23,92 € / kg</p>             <p class="pWCRS310_Desc">                 <a class="aWCRS310_Product aWCRS310_ProductDisabled">                     Framboise Bio Village <br>                     125g                 </a>                                          <span class="spanWCRS310_Origine" data-tooltip="Origine">ESPAGNE</span>                              </p>                  <div class="divWCRS310_HG divWCRS310_ZonesStickerVignette">              </div>     <div class="divWCRS310_MG divWCRS310_ZonesStickerVignette divWCRS310_SansCorner ">                          <img src="https://fd7-photos.leclercdrive.fr/logohandler.ashx?logo=1&amp;mindim=33" alt="Marque rep&amp;#232;re">                          <img src="https://fd7-photos.leclercdrive.fr/PictoLabelQualite.ashx?id=10&amp;mindim=25&amp;v=2" alt="Fili&amp;#232;re qualit&amp;#233;" data-tooltip2="StickerTexte" data-idsticker="2" data-typesticker="QUALITE">           </div>     <div class="divWCRS310_BG divWCRS310_ZonesStickerVignette">              </div>     <div class="divWCRS310_TD divWCRS310_ZonesStickerVignette">              </div>     <div class="divWCRS310_HD divWCRS310_ZonesStickerVignette">              </div>     <div class="divWCRS310_BD divWCRS310_ZonesStickerVignette">                     <img src="https://fd7-photos.leclercdrive.fr/VisuelEchelle.ashx?Id=652&amp;mindim=46" alt="">              </div>     <div class="divWCRS310_BGH divWCRS310_ZonesStickerVignette">              </div>     <div class="divWCRS310_MM divWCRS310_ZonesStickerVignette">              </div>          </div>                       <div class="divWCRS310_Outils solo">          <ul class="ulWCRS310_Outils">                  <li>         <a href="#" class="aWCRS310_Add2List" title="Ajouter à mes listes">Ajouter à mes listes<span>&nbsp;</span></a>     </li>           </ul>          <a class="spanWCRS310_Fleche" title="Voir plus de fonctionnalités" href="#">&nbsp;</a>      </div>               </li>      <li class="liWCRS310_Product      colonne3 ligne3" id="sId16" data-vignette="disponible">         <div class="divWCRS310_Bordure"></div>         <div class="divWCRS310_Content">             <a class="aWCRS310_Product">                 <img src="https://fd7-photos.leclercdrive.fr/image.ashx?id=2354686&amp;use=l&amp;cat=p&amp;typeid=i" alt="Poire Bio Village" width="165" height="165">             </a>                                           <!-- Ajout du html concernant le plus un moins un ou A composer suivant le type du produit -->                  <div class="divWCRS310_Panier masquerPlusUnMoinsUnAfficherPanier">         <a id="sLibellePictoAjouterProduit" href="#" class="aWCRS310_Add" data-track-id="1">Ajouter Produit</a>         <div class="divWCRS310_BlocIncrementerDecrementer">             <a href="#minus" class="aWCRS310_Less" data-track-id="2">-</a> <span id="spanWCRS310Quantite" class="spanWCRS310_count">0</span>             <a href="#plus" class="aWCRS310_More" data-track-id="1">+</a>         </div>     </div>                          <div class="divWCRS310_PrixUnitaire">                 <p class="pWCRS310_PrixUnitairePartieEntiere">                     2                 </p>                 <p class="pWCRS310_SigleMonetaire">                    €                 </p>                 <p class="pWCRS310_PrixUnitairePartieDecimale">                     ,99                 </p>             </div>             <div>                              <p class="pWCRS310_PrixUniteMesure">                     0,75 € / p                 </p>                          </div>                      <span class="spanWCRS310_Clear"></span>             <p class="pWCRS310_Desc">                 <a class="aWCRS310_Product">Poire Bio Village<br>                     x4                  </a>                                       <span class="spanWCRS310_Origine" data-tooltip="Origine">FRANCE</span>                              </p>             <div class="divWCRS310_Mentions">    <dl class="ulWCRS310_Mentions">        <dt>Catégorie</dt>        <dd>CAT-2-</dd>        <dt>Calibre</dt>        <dd>55/60MM</dd>        <dt>Variété</dt>        <dd>GUYOT</dd>    </dl></div>                  <div class="divWCRS310_HG divWCRS310_ZonesStickerVignette">              </div>     <div class="divWCRS310_MG divWCRS310_ZonesStickerVignette divWCRS310_SansCorner ">                          <img src="https://fd7-photos.leclercdrive.fr/logohandler.ashx?logo=1&amp;mindim=33" alt="Marque rep&amp;#232;re">                          <img src="https://fd7-photos.leclercdrive.fr/PictoLabelQualite.ashx?id=10&amp;mindim=25&amp;v=2" alt="Fili&amp;#232;re qualit&amp;#233;" data-tooltip2="StickerTexte" data-idsticker="2" data-typesticker="QUALITE">           </div>     <div class="divWCRS310_BG divWCRS310_ZonesStickerVignette">                          <img src="https://fd7-photos.leclercdrive.fr/StickerAvisClient.ashx?id=159" alt="">              </div>     <div class="divWCRS310_TD divWCRS310_ZonesStickerVignette">              </div>     <div class="divWCRS310_HD divWCRS310_ZonesStickerVignette">              </div>     <div class="divWCRS310_BD divWCRS310_ZonesStickerVignette">                              <img src="https://fd7-photos.leclercdrive.fr/logohandler.ashx?logo=100&amp;mindim=25" alt="Fra&amp;#238;cheur">              </div>     <div class="divWCRS310_BGH divWCRS310_ZonesStickerVignette">              </div>     <div class="divWCRS310_MM divWCRS310_ZonesStickerVignette">              </div>          </div>              <div class="divWCRS310_Outils solo">          <ul class="ulWCRS310_Outils">                  <li>         <a href="#" class="aWCRS310_Add2List" title="Ajouter à mes listes">Ajouter à mes listes<span>&nbsp;</span></a>     </li>           </ul>          <a class="spanWCRS310_Fleche" title="Voir plus de fonctionnalités" href="#">&nbsp;</a>      </div>                             <p class="pWCRS310_HomogeneSucces visible_false"></p>         <p class="pWCRS310_QteMinPanierAtteinte visible_false"></p>      </li>      <li class="liWCRS310_Product liWCRS310_Unavailable colonne4 ligne3" id="sId17" data-vignette="bientotDisponible">         <div class="divWCRS310_Content">             <img src="https://fd7-photos.leclercdrive.fr/image.ashx?id=2418167&amp;use=l&amp;cat=p&amp;typeid=i" alt="Carottes Bio Village" width="165" height="165">             <p class="pWCRS310_Info">                 Bientôt disponible</p>       <p>                 <a href="#" class="aWCRS310_Substitute bouton bouton-substitution visible_true" data-track="37100">Produits similaires</a></p>              <div class="divWCRS310_PrixUnitaire visible_false">                 <p class="pWCRS310_PrixUnitairePartieEntiere">                     2                 </p>                 <p class="pWCRS310_SigleMonetaire">                    €                 </p>                 <p class="pWCRS310_PrixUnitairePartieDecimale">                     ,99                 </p>             </div>              <p class="pWCRS310_PrixUniteMesure visible_false">1,99 € / kg</p>             <p class="pWCRS310_Desc">                 <a class="aWCRS310_Product aWCRS310_ProductDisabled">                     Carottes Bio Village<br>                     1.5kg                 </a>                                          <span class="spanWCRS310_Origine" data-tooltip="Origine">FRANCE</span>                              </p>                  <div class="divWCRS310_HG divWCRS310_ZonesStickerVignette">              </div>     <div class="divWCRS310_MG divWCRS310_ZonesStickerVignette divWCRS310_SansCorner ">                          <img src="https://fd7-photos.leclercdrive.fr/logohandler.ashx?logo=1&amp;mindim=33" alt="Marque rep&amp;#232;re">                          <img src="https://fd7-photos.leclercdrive.fr/PictoLabelQualite.ashx?id=10&amp;mindim=25&amp;v=2" alt="Fili&amp;#232;re qualit&amp;#233;" data-tooltip2="StickerTexte" data-idsticker="2" data-typesticker="QUALITE">           </div>     <div class="divWCRS310_BG divWCRS310_ZonesStickerVignette">              </div>     <div class="divWCRS310_TD divWCRS310_ZonesStickerVignette">              </div>     <div class="divWCRS310_HD divWCRS310_ZonesStickerVignette">              </div>     <div class="divWCRS310_BD divWCRS310_ZonesStickerVignette">                     <img src="https://fd7-photos.leclercdrive.fr/VisuelEchelle.ashx?Id=672&amp;mindim=46" alt="">              </div>     <div class="divWCRS310_BGH divWCRS310_ZonesStickerVignette">              </div>     <div class="divWCRS310_MM divWCRS310_ZonesStickerVignette">              </div>          </div>                       <div class="divWCRS310_Outils solo">          <ul class="ulWCRS310_Outils">                  <li>         <a href="#" class="aWCRS310_Add2List" title="Ajouter à mes listes">Ajouter à mes listes<span>&nbsp;</span></a>     </li>           </ul>          <a class="spanWCRS310_Fleche" title="Voir plus de fonctionnalités" href="#">&nbsp;</a>      </div>               </li>      <li class="liWCRS310_Product liWCRS310_Unavailable colonne1 ligne4" id="sId18" data-vignette="bientotDisponible">         <div class="divWCRS310_Content">             <img src="https://fd7-photos.leclercdrive.fr/image.ashx?id=2233286&amp;use=l&amp;cat=p&amp;typeid=i" alt="Pommes de terre Bio Village" width="165" height="165">             <p class="pWCRS310_Info">                 Bientôt disponible</p>       <p>                 <a href="#" class="aWCRS310_Substitute bouton bouton-substitution visible_true" data-track="37100">Produits similaires</a></p>              <div class="divWCRS310_PrixUnitaire visible_false">                 <p class="pWCRS310_PrixUnitairePartieEntiere">                     2                 </p>                 <p class="pWCRS310_SigleMonetaire">                    €                 </p>                 <p class="pWCRS310_PrixUnitairePartieDecimale">                     ,79                 </p>             </div>              <p class="pWCRS310_PrixUniteMesure visible_false">1,86 € / kg</p>             <p class="pWCRS310_Desc">                 <a class="aWCRS310_Product aWCRS310_ProductDisabled">                     Pommes de terre Bio Village<br>                     Vapeur et sautées  - 1.5kg                 </a>                                          <span class="spanWCRS310_Origine" data-tooltip="Origine">FRANCE</span>                              </p>                  <div class="divWCRS310_HG divWCRS310_ZonesStickerVignette">              </div>     <div class="divWCRS310_MG divWCRS310_ZonesStickerVignette divWCRS310_SansCorner ">                          <img src="https://fd7-photos.leclercdrive.fr/logohandler.ashx?logo=1&amp;mindim=33" alt="Marque rep&amp;#232;re">                          <img src="https://fd7-photos.leclercdrive.fr/PictoLabelQualite.ashx?id=10&amp;mindim=25&amp;v=2" alt="Fili&amp;#232;re qualit&amp;#233;" data-tooltip2="StickerTexte" data-idsticker="2" data-typesticker="QUALITE">           </div>     <div class="divWCRS310_BG divWCRS310_ZonesStickerVignette">              </div>     <div class="divWCRS310_TD divWCRS310_ZonesStickerVignette">              </div>     <div class="divWCRS310_HD divWCRS310_ZonesStickerVignette">              </div>     <div class="divWCRS310_BD divWCRS310_ZonesStickerVignette">                              <img src="https://fd7-photos.leclercdrive.fr/logohandler.ashx?logo=100&amp;mindim=25" alt="Fra&amp;#238;cheur">                     <img src="https://fd7-photos.leclercdrive.fr/VisuelEchelle.ashx?Id=672&amp;mindim=46" alt="">              </div>     <div class="divWCRS310_BGH divWCRS310_ZonesStickerVignette">              </div>     <div class="divWCRS310_MM divWCRS310_ZonesStickerVignette">              </div>          </div>                       <div class="divWCRS310_Outils solo">          <ul class="ulWCRS310_Outils">                  <li>         <a href="#" class="aWCRS310_Add2List" title="Ajouter à mes listes">Ajouter à mes listes<span>&nbsp;</span></a>     </li>           </ul>          <a class="spanWCRS310_Fleche" title="Voir plus de fonctionnalités" href="#">&nbsp;</a>      </div>               </li>      <li class="liWCRS310_Product      colonne2 ligne4" id="sId19" data-vignette="disponible">         <div class="divWCRS310_Bordure"></div>         <div class="divWCRS310_Content">             <a class="aWCRS310_Product">                 <img src="https://fd7-photos.leclercdrive.fr/image.ashx?id=2233292&amp;use=l&amp;cat=p&amp;typeid=i" alt="Pomme de terre Bio Village" width="165" height="165">             </a>                                           <!-- Ajout du html concernant le plus un moins un ou A composer suivant le type du produit -->                  <div class="divWCRS310_Panier masquerPlusUnMoinsUnAfficherPanier">         <a id="sLibellePictoAjouterProduit" href="#" class="aWCRS310_Add" data-track-id="1">Ajouter Produit</a>         <div class="divWCRS310_BlocIncrementerDecrementer">             <a href="#minus" class="aWCRS310_Less" data-track-id="2">-</a> <span id="spanWCRS310Quantite" class="spanWCRS310_count">0</span>             <a href="#plus" class="aWCRS310_More" data-track-id="1">+</a>         </div>     </div>                          <div class="divWCRS310_PrixUnitaire">                 <p class="pWCRS310_PrixUnitairePartieEntiere">                     2                 </p>                 <p class="pWCRS310_SigleMonetaire">                    €                 </p>                 <p class="pWCRS310_PrixUnitairePartieDecimale">                     ,79                 </p>             </div>             <div>                              <p class="pWCRS310_PrixUniteMesure">                     1,86 € / kg                 </p>                          </div>                      <span class="spanWCRS310_Clear"></span>             <p class="pWCRS310_Desc">                 <a class="aWCRS310_Product">Pomme de terre Bio Village<br>                     Four Potage - 1.5kg                  </a>                                       <span class="spanWCRS310_Origine" data-tooltip="Origine">FRANCE</span>                              </p>             <div class="divWCRS310_Mentions">    <dl class="ulWCRS310_Mentions">        <dt>Catégorie</dt>        <dd>CAT-2-</dd>        <dt>Calibre</dt>        <dd>40/50MM</dd>        <dt>Variété</dt>        <dd>RIKEA</dd>        <dt>Nature</dt>        <dd>De consommation</dd>        <dt>Traitement</dt>        <dd>*</dd>    </dl></div>                  <div class="divWCRS310_HG divWCRS310_ZonesStickerVignette">              </div>     <div class="divWCRS310_MG divWCRS310_ZonesStickerVignette divWCRS310_SansCorner ">                          <img src="https://fd7-photos.leclercdrive.fr/logohandler.ashx?logo=1&amp;mindim=33" alt="Marque rep&amp;#232;re">                          <img src="https://fd7-photos.leclercdrive.fr/PictoLabelQualite.ashx?id=10&amp;mindim=25&amp;v=2" alt="Fili&amp;#232;re qualit&amp;#233;" data-tooltip2="StickerTexte" data-idsticker="2" data-typesticker="QUALITE">           </div>     <div class="divWCRS310_BG divWCRS310_ZonesStickerVignette">                          <img src="https://fd7-photos.leclercdrive.fr/StickerAvisClient.ashx?id=158" alt="">              </div>     <div class="divWCRS310_TD divWCRS310_ZonesStickerVignette">              </div>     <div class="divWCRS310_HD divWCRS310_ZonesStickerVignette">              </div>     <div class="divWCRS310_BD divWCRS310_ZonesStickerVignette">                              <img src="https://fd7-photos.leclercdrive.fr/logohandler.ashx?logo=100&amp;mindim=25" alt="Fra&amp;#238;cheur">                     <img src="https://fd7-photos.leclercdrive.fr/VisuelEchelle.ashx?Id=672&amp;mindim=46" alt="">              </div>     <div class="divWCRS310_BGH divWCRS310_ZonesStickerVignette">              </div>     <div class="divWCRS310_MM divWCRS310_ZonesStickerVignette">              </div>          </div>              <div class="divWCRS310_Outils solo">          <ul class="ulWCRS310_Outils">                  <li>         <a href="#" class="aWCRS310_Add2List" title="Ajouter à mes listes">Ajouter à mes listes<span>&nbsp;</span></a>     </li>           </ul>          <a class="spanWCRS310_Fleche" title="Voir plus de fonctionnalités" href="#">&nbsp;</a>      </div>                             <p class="pWCRS310_HomogeneSucces visible_false"></p>         <p class="pWCRS310_QteMinPanierAtteinte visible_false"></p>           <div class="divWCRS310_Tooltip divWCRS310_TooltipOrigine" data-tooltip="Origine" style="display: none;">              <p class="pWCRS310_ContenuTooltip">         FRANCE     </p>       </div> </li>      <li class="liWCRS310_Product liWCRS310_Unavailable colonne3 ligne4" id="sId20" data-vignette="bientotDisponible">         <div class="divWCRS310_Content">             <img src="https://fd7-photos.leclercdrive.fr/image.ashx?id=2232261&amp;use=l&amp;cat=p&amp;typeid=i" alt="Oignon jaune Bio village" width="165" height="165">             <p class="pWCRS310_Info">                 Bientôt disponible</p>       <p>                 <a href="#" class="aWCRS310_Substitute bouton bouton-substitution visible_true" data-track="37100">Produits similaires</a></p>              <div class="divWCRS310_PrixUnitaire visible_false">                 <p class="pWCRS310_PrixUnitairePartieEntiere">                     2                 </p>                 <p class="pWCRS310_SigleMonetaire">                    €                 </p>                 <p class="pWCRS310_PrixUnitairePartieDecimale">                     ,49                 </p>             </div>              <p class="pWCRS310_PrixUniteMesure visible_false">2,49 € / kg</p>             <p class="pWCRS310_Desc">                 <a class="aWCRS310_Product aWCRS310_ProductDisabled">                     Oignon jaune Bio village<br>                     1kg                 </a>                                          <span class="spanWCRS310_Origine" data-tooltip="Origine">FRANCE</span>                              </p>                  <div class="divWCRS310_HG divWCRS310_ZonesStickerVignette">              </div>     <div class="divWCRS310_MG divWCRS310_ZonesStickerVignette divWCRS310_SansCorner ">                          <img src="https://fd7-photos.leclercdrive.fr/logohandler.ashx?logo=1&amp;mindim=33" alt="Marque rep&amp;#232;re">                          <img src="https://fd7-photos.leclercdrive.fr/PictoLabelQualite.ashx?id=10&amp;mindim=25&amp;v=2" alt="Fili&amp;#232;re qualit&amp;#233;" data-tooltip2="StickerTexte" data-idsticker="2" data-typesticker="QUALITE">           </div>     <div class="divWCRS310_BG divWCRS310_ZonesStickerVignette">              </div>     <div class="divWCRS310_TD divWCRS310_ZonesStickerVignette">              </div>     <div class="divWCRS310_HD divWCRS310_ZonesStickerVignette">              </div>     <div class="divWCRS310_BD divWCRS310_ZonesStickerVignette">                     <img src="https://fd7-photos.leclercdrive.fr/VisuelEchelle.ashx?Id=645&amp;mindim=46" alt="">              </div>     <div class="divWCRS310_BGH divWCRS310_ZonesStickerVignette">              </div>     <div class="divWCRS310_MM divWCRS310_ZonesStickerVignette">              </div>          </div>                       <div class="divWCRS310_Outils solo">          <ul class="ulWCRS310_Outils">                  <li>         <a href="#" class="aWCRS310_Add2List" title="Ajouter à mes listes">Ajouter à mes listes<span>&nbsp;</span></a>     </li>           </ul>          <a class="spanWCRS310_Fleche" title="Voir plus de fonctionnalités" href="#">&nbsp;</a>      </div>               </li>      <li class="liWCRS310_Product      colonne4 ligne4" id="sId21" data-vignette="disponible">         <div class="divWCRS310_Bordure"></div>         <div class="divWCRS310_Content">             <a class="aWCRS310_Product">                 <img src="https://fd7-photos.leclercdrive.fr/image.ashx?id=2232267&amp;use=l&amp;cat=p&amp;typeid=i" alt="Ail blanc Bio Village" width="165" height="165">             </a>                                           <!-- Ajout du html concernant le plus un moins un ou A composer suivant le type du produit -->                  <div class="divWCRS310_Panier masquerPlusUnMoinsUnAfficherPanier">         <a id="sLibellePictoAjouterProduit" href="#" class="aWCRS310_Add" data-track-id="1">Ajouter Produit</a>         <div class="divWCRS310_BlocIncrementerDecrementer">             <a href="#minus" class="aWCRS310_Less" data-track-id="2">-</a> <span id="spanWCRS310Quantite" class="spanWCRS310_count">0</span>             <a href="#plus" class="aWCRS310_More" data-track-id="1">+</a>         </div>     </div>                          <div class="divWCRS310_PrixUnitaire">                 <p class="pWCRS310_PrixUnitairePartieEntiere">                     3                 </p>                 <p class="pWCRS310_SigleMonetaire">                    €                 </p>                 <p class="pWCRS310_PrixUnitairePartieDecimale">                     ,49                 </p>             </div>             <div>                              <p class="pWCRS310_PrixUniteMesure">                     13,96 € / kg                 </p>                          </div>                      <span class="spanWCRS310_Clear"></span>             <p class="pWCRS310_Desc">                 <a class="aWCRS310_Product">Ail blanc Bio Village<br>                     250g                  </a>                                       <span class="spanWCRS310_Origine" data-tooltip="Origine">FRANCE</span>                              </p>             <div class="divWCRS310_Mentions">    <dl class="ulWCRS310_Mentions">        <dt>Catégorie</dt>        <dd>CAT-2-</dd>        <dt>Calibre</dt>        <dd>40/60MM</dd>    </dl></div>                  <div class="divWCRS310_HG divWCRS310_ZonesStickerVignette">              </div>     <div class="divWCRS310_MG divWCRS310_ZonesStickerVignette divWCRS310_SansCorner ">                          <img src="https://fd7-photos.leclercdrive.fr/logohandler.ashx?logo=1&amp;mindim=33" alt="Marque rep&amp;#232;re">                          <img src="https://fd7-photos.leclercdrive.fr/PictoLabelQualite.ashx?id=10&amp;mindim=25&amp;v=2" alt="Fili&amp;#232;re qualit&amp;#233;" data-tooltip2="StickerTexte" data-idsticker="2" data-typesticker="QUALITE">           </div>     <div class="divWCRS310_BG divWCRS310_ZonesStickerVignette">                          <img src="https://fd7-photos.leclercdrive.fr/StickerAvisClient.ashx?id=155" alt="">              </div>     <div class="divWCRS310_TD divWCRS310_ZonesStickerVignette">              </div>     <div class="divWCRS310_HD divWCRS310_ZonesStickerVignette">              </div>     <div class="divWCRS310_BD divWCRS310_ZonesStickerVignette">                     <img src="https://fd7-photos.leclercdrive.fr/VisuelEchelle.ashx?Id=646&amp;mindim=46" alt="">              </div>     <div class="divWCRS310_BGH divWCRS310_ZonesStickerVignette">              </div>     <div class="divWCRS310_MM divWCRS310_ZonesStickerVignette">              </div>          </div>              <div class="divWCRS310_Outils solo">          <ul class="ulWCRS310_Outils">                  <li>         <a href="#" class="aWCRS310_Add2List" title="Ajouter à mes listes">Ajouter à mes listes<span>&nbsp;</span></a>     </li>           </ul>          <a class="spanWCRS310_Fleche" title="Voir plus de fonctionnalités" href="#">&nbsp;</a>      </div>                             <p class="pWCRS310_HomogeneSucces visible_false"></p>         <p class="pWCRS310_QteMinPanierAtteinte visible_false"></p>      </li>      <li class="liWCRS310_Product      colonne1 ligne5" id="sId22" data-vignette="disponible">         <div class="divWCRS310_Bordure"></div>         <div class="divWCRS310_Content">             <a class="aWCRS310_Product">                 <img src="https://fd7-photos.leclercdrive.fr/image.ashx?id=2233289&amp;use=l&amp;cat=p&amp;typeid=i" alt="Betterave rouge Bio Village" width="165" height="165">             </a>                                           <!-- Ajout du html concernant le plus un moins un ou A composer suivant le type du produit -->                  <div class="divWCRS310_Panier masquerPlusUnMoinsUnAfficherPanier">         <a id="sLibellePictoAjouterProduit" href="#" class="aWCRS310_Add" data-track-id="1">Ajouter Produit</a>         <div class="divWCRS310_BlocIncrementerDecrementer">             <a href="#minus" class="aWCRS310_Less" data-track-id="2">-</a> <span id="spanWCRS310Quantite" class="spanWCRS310_count">0</span>             <a href="#plus" class="aWCRS310_More" data-track-id="1">+</a>         </div>     </div>                          <div class="divWCRS310_PrixUnitaire">                 <p class="pWCRS310_PrixUnitairePartieEntiere">                     1                 </p>                 <p class="pWCRS310_SigleMonetaire">                    €                 </p>                 <p class="pWCRS310_PrixUnitairePartieDecimale">                     ,19                 </p>             </div>             <div>                              <p class="pWCRS310_PrixUniteMesure">                     2,38 € / kg                 </p>                          </div>                      <span class="spanWCRS310_Clear"></span>             <p class="pWCRS310_Desc">                 <a class="aWCRS310_Product">Betterave rouge Bio Village<br>                      500g                  </a>                                       <span class="spanWCRS310_ContenanceInfo"> </span>                              </p>                               <div class="divWCRS310_HG divWCRS310_ZonesStickerVignette">              </div>     <div class="divWCRS310_MG divWCRS310_ZonesStickerVignette divWCRS310_SansCorner ">                          <img src="https://fd7-photos.leclercdrive.fr/logohandler.ashx?logo=1&amp;mindim=33" alt="Marque rep&amp;#232;re">                          <img src="https://fd7-photos.leclercdrive.fr/PictoLabelQualite.ashx?id=10&amp;mindim=25&amp;v=2" alt="Fili&amp;#232;re qualit&amp;#233;" data-tooltip2="StickerTexte" data-idsticker="2" data-typesticker="QUALITE">           </div>     <div class="divWCRS310_BG divWCRS310_ZonesStickerVignette">                          <img src="https://fd7-photos.leclercdrive.fr/StickerAvisClient.ashx?id=162" alt="">              </div>     <div class="divWCRS310_TD divWCRS310_ZonesStickerVignette">              </div>     <div class="divWCRS310_HD divWCRS310_ZonesStickerVignette">              </div>     <div class="divWCRS310_BD divWCRS310_ZonesStickerVignette">                     <img src="https://fd7-photos.leclercdrive.fr/VisuelEchelle.ashx?Id=644&amp;mindim=46" alt="">              </div>     <div class="divWCRS310_BGH divWCRS310_ZonesStickerVignette">                          <img src="https://fd7-photos.leclercdrive.fr/image.ashx?id=1237706&amp;use=nsc&amp;cat=p&amp;typeid=i&amp;mindim=35" alt="Nutri Score" data-tooltip2="StickerTexte" data-idsticker="23" data-typesticker="NUTRISCORE">              </div>     <div class="divWCRS310_MM divWCRS310_ZonesStickerVignette">              </div>          </div>              <div class="divWCRS310_Outils solo">          <ul class="ulWCRS310_Outils">                  <li>         <a href="#" class="aWCRS310_Add2List" title="Ajouter à mes listes">Ajouter à mes listes<span>&nbsp;</span></a>     </li>           </ul>          <a class="spanWCRS310_Fleche" title="Voir plus de fonctionnalités" href="#">&nbsp;</a>      </div>                             <p class="pWCRS310_HomogeneSucces visible_false"></p>         <p class="pWCRS310_QteMinPanierAtteinte visible_false"></p>      </li>      <li class="liWCRS310_Product liWCRS310_Unavailable colonne2 ligne5" id="sId23" data-vignette="bientotDisponible">         <div class="divWCRS310_Content">             <img src="https://fd7-photos.leclercdrive.fr/image.ashx?id=2322956&amp;use=l&amp;cat=p&amp;typeid=i" alt="Poireau Bio Village" width="165" height="165">             <p class="pWCRS310_Info">                 Bientôt disponible</p>       <p>                 <a href="#" class="aWCRS310_Substitute bouton bouton-substitution visible_true" data-track="37100">Produits similaires</a></p>              <div class="divWCRS310_PrixUnitaire visible_false">                 <p class="pWCRS310_PrixUnitairePartieEntiere">                     2                 </p>                 <p class="pWCRS310_SigleMonetaire">                    €                 </p>                 <p class="pWCRS310_PrixUnitairePartieDecimale">                     ,79                 </p>             </div>              <p class="pWCRS310_PrixUniteMesure visible_false">3,72 € / kg</p>             <p class="pWCRS310_Desc">                 <a class="aWCRS310_Product aWCRS310_ProductDisabled">                     Poireau Bio Village<br>                     750g                 </a>                                          <span class="spanWCRS310_Origine" data-tooltip="Origine">FRANCE</span>                              </p>                  <div class="divWCRS310_HG divWCRS310_ZonesStickerVignette">              </div>     <div class="divWCRS310_MG divWCRS310_ZonesStickerVignette divWCRS310_SansCorner ">                          <img src="https://fd7-photos.leclercdrive.fr/logohandler.ashx?logo=1&amp;mindim=33" alt="Marque rep&amp;#232;re">                          <img src="https://fd7-photos.leclercdrive.fr/PictoLabelQualite.ashx?id=10&amp;mindim=25&amp;v=2" alt="Fili&amp;#232;re qualit&amp;#233;" data-tooltip2="StickerTexte" data-idsticker="2" data-typesticker="QUALITE">           </div>     <div class="divWCRS310_BG divWCRS310_ZonesStickerVignette">              </div>     <div class="divWCRS310_TD divWCRS310_ZonesStickerVignette">              </div>     <div class="divWCRS310_HD divWCRS310_ZonesStickerVignette">              </div>     <div class="divWCRS310_BD divWCRS310_ZonesStickerVignette">                     <img src="https://fd7-photos.leclercdrive.fr/VisuelEchelle.ashx?Id=978&amp;mindim=46" alt="">              </div>     <div class="divWCRS310_BGH divWCRS310_ZonesStickerVignette">              </div>     <div class="divWCRS310_MM divWCRS310_ZonesStickerVignette">              </div>          </div>                       <div class="divWCRS310_Outils solo">          <ul class="ulWCRS310_Outils">                  <li>         <a href="#" class="aWCRS310_Add2List" title="Ajouter à mes listes">Ajouter à mes listes<span>&nbsp;</span></a>     </li>           </ul>          <a class="spanWCRS310_Fleche" title="Voir plus de fonctionnalités" href="#">&nbsp;</a>      </div>               </li>      <li class="liWCRS310_Product      colonne3 ligne5" id="sId24" data-vignette="disponible">         <div class="divWCRS310_Bordure"></div>         <div class="divWCRS310_Content">             <a class="aWCRS310_Product">                 <img src="https://fd7-photos.leclercdrive.fr/image.ashx?id=2309087&amp;use=l&amp;cat=p&amp;typeid=i" alt="Courgettes Bio Village" width="165" height="165">             </a>                                           <!-- Ajout du html concernant le plus un moins un ou A composer suivant le type du produit -->                  <div class="divWCRS310_Panier masquerPlusUnMoinsUnAfficherPanier">         <a id="sLibellePictoAjouterProduit" href="#" class="aWCRS310_Add" data-track-id="1">Ajouter Produit</a>         <div class="divWCRS310_BlocIncrementerDecrementer">             <a href="#minus" class="aWCRS310_Less" data-track-id="2">-</a> <span id="spanWCRS310Quantite" class="spanWCRS310_count">0</span>             <a href="#plus" class="aWCRS310_More" data-track-id="1">+</a>         </div>     </div>                          <div class="divWCRS310_PrixUnitaire">                 <p class="pWCRS310_PrixUnitairePartieEntiere">                     2                 </p>                 <p class="pWCRS310_SigleMonetaire">                    €                 </p>                 <p class="pWCRS310_PrixUnitairePartieDecimale">                     ,49                 </p>             </div>             <div>                              <p class="pWCRS310_PrixUniteMesure">                     3,32 € / kg                 </p>                          </div>                      <span class="spanWCRS310_Clear"></span>             <p class="pWCRS310_Desc">                 <a class="aWCRS310_Product">Courgettes Bio Village<br>                     Filet 750g                  </a>                                       <span class="spanWCRS310_Origine" data-tooltip="Origine">ESPAGNE</span>                              </p>             <div class="divWCRS310_Mentions">    <dl class="ulWCRS310_Mentions">        <dt>Catégorie</dt>        <dd>CAT-2-</dd>        <dt>Calibre</dt>        <dd>14/21CM</dd>    </dl></div>                  <div class="divWCRS310_HG divWCRS310_ZonesStickerVignette">              </div>     <div class="divWCRS310_MG divWCRS310_ZonesStickerVignette divWCRS310_SansCorner ">                          <img src="https://fd7-photos.leclercdrive.fr/logohandler.ashx?logo=1&amp;mindim=33" alt="Marque rep&amp;#232;re">                          <img src="https://fd7-photos.leclercdrive.fr/PictoLabelQualite.ashx?id=10&amp;mindim=25&amp;v=2" alt="Fili&amp;#232;re qualit&amp;#233;" data-tooltip2="StickerTexte" data-idsticker="2" data-typesticker="QUALITE">           </div>     <div class="divWCRS310_BG divWCRS310_ZonesStickerVignette">                          <img src="https://fd7-photos.leclercdrive.fr/StickerAvisClient.ashx?id=158" alt="">              </div>     <div class="divWCRS310_TD divWCRS310_ZonesStickerVignette">              </div>     <div class="divWCRS310_HD divWCRS310_ZonesStickerVignette">              </div>     <div class="divWCRS310_BD divWCRS310_ZonesStickerVignette">                     <img src="https://fd7-photos.leclercdrive.fr/VisuelEchelle.ashx?Id=978&amp;mindim=46" alt="">              </div>     <div class="divWCRS310_BGH divWCRS310_ZonesStickerVignette">              </div>     <div class="divWCRS310_MM divWCRS310_ZonesStickerVignette">              </div>          </div>              <div class="divWCRS310_Outils solo">          <ul class="ulWCRS310_Outils">                  <li>         <a href="#" class="aWCRS310_Add2List" title="Ajouter à mes listes">Ajouter à mes listes<span>&nbsp;</span></a>     </li>           </ul>          <a class="spanWCRS310_Fleche" title="Voir plus de fonctionnalités" href="#">&nbsp;</a>      </div>                             <p class="pWCRS310_HomogeneSucces visible_false"></p>         <p class="pWCRS310_QteMinPanierAtteinte visible_false"></p>      </li>      <li class="liWCRS310_Product      colonne4 ligne5" id="sId25" data-vignette="disponible">         <div class="divWCRS310_Bordure"></div>         <div class="divWCRS310_Content">             <a class="aWCRS310_Product">                 <img src="https://fd7-photos.leclercdrive.fr/image.ashx?id=2232291&amp;use=l&amp;cat=p&amp;typeid=i" alt="Tomate cerise Bio Village" width="165" height="165">             </a>                                           <!-- Ajout du html concernant le plus un moins un ou A composer suivant le type du produit -->                  <div class="divWCRS310_Panier masquerPlusUnMoinsUnAfficherPanier">         <a id="sLibellePictoAjouterProduit" href="#" class="aWCRS310_Add" data-track-id="1">Ajouter Produit</a>         <div class="divWCRS310_BlocIncrementerDecrementer">             <a href="#minus" class="aWCRS310_Less" data-track-id="2">-</a> <span id="spanWCRS310Quantite" class="spanWCRS310_count">0</span>             <a href="#plus" class="aWCRS310_More" data-track-id="1">+</a>         </div>     </div>                          <div class="divWCRS310_PrixUnitaire">                 <p class="pWCRS310_PrixUnitairePartieEntiere">                     1                 </p>                 <p class="pWCRS310_SigleMonetaire">                    €                 </p>                 <p class="pWCRS310_PrixUnitairePartieDecimale">                     ,99                 </p>             </div>             <div>                              <p class="pWCRS310_PrixUniteMesure">                     7,96 € / kg                 </p>                          </div>                      <span class="spanWCRS310_Clear"></span>             <p class="pWCRS310_Desc">                 <a class="aWCRS310_Product">Tomate cerise Bio Village<br>                     250g                  </a>                                       <span class="spanWCRS310_Origine" data-tooltip="Origine">FRANCE</span>                              </p>             <div class="divWCRS310_Mentions">    <dl class="ulWCRS310_Mentions">        <dt>Catégorie</dt>        <dd>CAT-2-</dd>    </dl></div>                  <div class="divWCRS310_HG divWCRS310_ZonesStickerVignette">              </div>     <div class="divWCRS310_MG divWCRS310_ZonesStickerVignette divWCRS310_SansCorner ">                          <img src="https://fd7-photos.leclercdrive.fr/logohandler.ashx?logo=1&amp;mindim=33" alt="Marque rep&amp;#232;re">                          <img src="https://fd7-photos.leclercdrive.fr/PictoLabelQualite.ashx?id=10&amp;mindim=25&amp;v=2" alt="Fili&amp;#232;re qualit&amp;#233;" data-tooltip2="StickerTexte" data-idsticker="2" data-typesticker="QUALITE">           </div>     <div class="divWCRS310_BG divWCRS310_ZonesStickerVignette">                          <img src="https://fd7-photos.leclercdrive.fr/StickerAvisClient.ashx?id=157" alt="">              </div>     <div class="divWCRS310_TD divWCRS310_ZonesStickerVignette">              </div>     <div class="divWCRS310_HD divWCRS310_ZonesStickerVignette">              </div>     <div class="divWCRS310_BD divWCRS310_ZonesStickerVignette">                     <img src="https://fd7-photos.leclercdrive.fr/VisuelEchelle.ashx?Id=646&amp;mindim=46" alt="">              </div>     <div class="divWCRS310_BGH divWCRS310_ZonesStickerVignette">              </div>     <div class="divWCRS310_MM divWCRS310_ZonesStickerVignette">              </div>          </div>              <div class="divWCRS310_Outils solo">          <ul class="ulWCRS310_Outils">                  <li>         <a href="#" class="aWCRS310_Add2List" title="Ajouter à mes listes">Ajouter à mes listes<span>&nbsp;</span></a>     </li>           </ul>          <a class="spanWCRS310_Fleche" title="Voir plus de fonctionnalités" href="#">&nbsp;</a>      </div>                             <p class="pWCRS310_HomogeneSucces visible_false"></p>         <p class="pWCRS310_QteMinPanierAtteinte visible_false"></p>      </li>      <li class="liWCRS310_Product      colonne1 ligne6" id="sId26" data-vignette="disponible">         <div class="divWCRS310_Bordure"></div>         <div class="divWCRS310_Content">             <a class="aWCRS310_Product">                 <img src="https://fd7-photos.leclercdrive.fr/image.ashx?id=1633076&amp;use=l&amp;cat=p&amp;typeid=i" alt="Tomate cerise Bio" width="165" height="165">             </a>                                           <!-- Ajout du html concernant le plus un moins un ou A composer suivant le type du produit -->                  <div class="divWCRS310_Panier masquerPlusUnMoinsUnAfficherPanier">         <a id="sLibellePictoAjouterProduit" href="#" class="aWCRS310_Add" data-track-id="1">Ajouter Produit</a>         <div class="divWCRS310_BlocIncrementerDecrementer">             <a href="#minus" class="aWCRS310_Less" data-track-id="2">-</a> <span id="spanWCRS310Quantite" class="spanWCRS310_count">0</span>             <a href="#plus" class="aWCRS310_More" data-track-id="1">+</a>         </div>     </div>                          <div class="divWCRS310_PrixUnitaire">                 <p class="pWCRS310_PrixUnitairePartieEntiere">                     2                 </p>                 <p class="pWCRS310_SigleMonetaire">                    €                 </p>                 <p class="pWCRS310_PrixUnitairePartieDecimale">                     ,49                 </p>             </div>             <div>                              <p class="pWCRS310_PrixUniteMesure">                     9,96 € / kg                 </p>                          </div>                      <span class="spanWCRS310_Clear"></span>             <p class="pWCRS310_Desc">                 <a class="aWCRS310_Product">Tomate cerise Bio<br>                      250g                            </a>                                       <span class="spanWCRS310_Origine" data-tooltip="Origine">ESPAGNE</span>                              </p>             <div class="divWCRS310_Mentions">    <dl class="ulWCRS310_Mentions">        <dt>Catégorie</dt>        <dd>CAT-2-</dd>    </dl></div>                  <div class="divWCRS310_HG divWCRS310_ZonesStickerVignette">              </div>     <div class="divWCRS310_MG divWCRS310_ZonesStickerVignette divWCRS310_SansCorner ">                          <img src="https://fd7-photos.leclercdrive.fr/PictoLabelQualite.ashx?id=10&amp;mindim=25&amp;v=2" alt="Fili&amp;#232;re qualit&amp;#233;" data-tooltip2="StickerTexte" data-idsticker="2" data-typesticker="QUALITE">           </div>     <div class="divWCRS310_BG divWCRS310_ZonesStickerVignette">              </div>     <div class="divWCRS310_TD divWCRS310_ZonesStickerVignette">              </div>     <div class="divWCRS310_HD divWCRS310_ZonesStickerVignette">              </div>     <div class="divWCRS310_BD divWCRS310_ZonesStickerVignette">                     <img src="https://fd7-photos.leclercdrive.fr/VisuelEchelle.ashx?type=2&amp;val=250.000&amp;unit=g&amp;mindim=46" alt="Molette echelle">              </div>     <div class="divWCRS310_BGH divWCRS310_ZonesStickerVignette">              </div>     <div class="divWCRS310_MM divWCRS310_ZonesStickerVignette">              </div>          </div>              <div class="divWCRS310_Outils solo">          <ul class="ulWCRS310_Outils">                  <li>         <a href="#" class="aWCRS310_Add2List" title="Ajouter à mes listes">Ajouter à mes listes<span>&nbsp;</span></a>     </li>           </ul>          <a class="spanWCRS310_Fleche" title="Voir plus de fonctionnalités" href="#">&nbsp;</a>      </div>                             <p class="pWCRS310_HomogeneSucces visible_false"></p>         <p class="pWCRS310_QteMinPanierAtteinte visible_false"></p>      </li>      <li class="liWCRS310_Product      colonne2 ligne6" id="sId27" data-vignette="disponible">         <div class="divWCRS310_Bordure"></div>         <div class="divWCRS310_Content">             <a class="aWCRS310_Product">                 <img src="https://fd7-photos.leclercdrive.fr/image.ashx?id=2358108&amp;use=l&amp;cat=p&amp;typeid=i" alt="Tomate en grappe Bio Village" width="165" height="165">             </a>                                           <!-- Ajout du html concernant le plus un moins un ou A composer suivant le type du produit -->                  <div class="divWCRS310_Panier masquerPlusUnMoinsUnAfficherPanier">         <a id="sLibellePictoAjouterProduit" href="#" class="aWCRS310_Add" data-track-id="1">Ajouter Produit</a>         <div class="divWCRS310_BlocIncrementerDecrementer">             <a href="#minus" class="aWCRS310_Less" data-track-id="2">-</a> <span id="spanWCRS310Quantite" class="spanWCRS310_count">0</span>             <a href="#plus" class="aWCRS310_More" data-track-id="1">+</a>         </div>     </div>                          <div class="divWCRS310_PrixUnitaire">                 <p class="pWCRS310_PrixUnitairePartieEntiere">                     2                 </p>                 <p class="pWCRS310_SigleMonetaire">                    €                 </p>                 <p class="pWCRS310_PrixUnitairePartieDecimale">                     ,99                 </p>             </div>             <div>                              <p class="pWCRS310_PrixUniteMesure">                     5,98 € / kg                 </p>                          </div>                      <span class="spanWCRS310_Clear"></span>             <p class="pWCRS310_Desc">                 <a class="aWCRS310_Product">Tomate en grappe Bio Village<br>                     500g                  </a>                                       <span class="spanWCRS310_Origine" data-tooltip="Origine">FRANCE</span>                              </p>             <div class="divWCRS310_Mentions">    <dl class="ulWCRS310_Mentions">        <dt>Catégorie</dt>        <dd>CAT-2-</dd>    </dl></div>                  <div class="divWCRS310_HG divWCRS310_ZonesStickerVignette">              </div>     <div class="divWCRS310_MG divWCRS310_ZonesStickerVignette divWCRS310_SansCorner ">                          <img src="https://fd7-photos.leclercdrive.fr/logohandler.ashx?logo=1&amp;mindim=33" alt="Marque rep&amp;#232;re">                          <img src="https://fd7-photos.leclercdrive.fr/PictoLabelQualite.ashx?id=10&amp;mindim=25&amp;v=2" alt="Fili&amp;#232;re qualit&amp;#233;" data-tooltip2="StickerTexte" data-idsticker="2" data-typesticker="QUALITE">           </div>     <div class="divWCRS310_BG divWCRS310_ZonesStickerVignette">                          <img src="https://fd7-photos.leclercdrive.fr/StickerAvisClient.ashx?id=156" alt="">              </div>     <div class="divWCRS310_TD divWCRS310_ZonesStickerVignette">              </div>     <div class="divWCRS310_HD divWCRS310_ZonesStickerVignette">              </div>     <div class="divWCRS310_BD divWCRS310_ZonesStickerVignette">                     <img src="https://fd7-photos.leclercdrive.fr/VisuelEchelle.ashx?Id=644&amp;mindim=46" alt="">              </div>     <div class="divWCRS310_BGH divWCRS310_ZonesStickerVignette">              </div>     <div class="divWCRS310_MM divWCRS310_ZonesStickerVignette">              </div>          </div>              <div class="divWCRS310_Outils solo">          <ul class="ulWCRS310_Outils">                  <li>         <a href="#" class="aWCRS310_Add2List" title="Ajouter à mes listes">Ajouter à mes listes<span>&nbsp;</span></a>     </li>           </ul>          <a class="spanWCRS310_Fleche" title="Voir plus de fonctionnalités" href="#">&nbsp;</a>      </div>                             <p class="pWCRS310_HomogeneSucces visible_false"></p>         <p class="pWCRS310_QteMinPanierAtteinte visible_false"></p>      </li>      <li class="liWCRS310_Product liWCRS310_Unavailable colonne3 ligne6" id="sId28" data-vignette="bientotDisponible">         <div class="divWCRS310_Content">             <img src="https://fd7-photos.leclercdrive.fr/image.ashx?id=2334257&amp;use=l&amp;cat=p&amp;typeid=i" alt="Concombre Bio Village" width="165" height="165">             <p class="pWCRS310_Info">                 Bientôt disponible</p>       <p>                 <a href="#" class="aWCRS310_Substitute bouton bouton-substitution visible_false" data-track="37100">Produits similaires</a></p>              <div class="divWCRS310_PrixUnitaire visible_true">                 <p class="pWCRS310_PrixUnitairePartieEntiere">                     1                 </p>                 <p class="pWCRS310_SigleMonetaire">                    €                 </p>                 <p class="pWCRS310_PrixUnitairePartieDecimale">                     ,99                 </p>             </div>              <p class="pWCRS310_PrixUniteMesure visible_false"></p>             <p class="pWCRS310_Desc">                 <a class="aWCRS310_Product aWCRS310_ProductDisabled">                     Concombre Bio Village<br>                     x1                 </a>                                          <span class="spanWCRS310_Origine" data-tooltip="Origine">ESPAGNE</span>                              </p>                  <div class="divWCRS310_HG divWCRS310_ZonesStickerVignette">              </div>     <div class="divWCRS310_MG divWCRS310_ZonesStickerVignette divWCRS310_SansCorner ">                          <img src="https://fd7-photos.leclercdrive.fr/logohandler.ashx?logo=1&amp;mindim=33" alt="Marque rep&amp;#232;re">                          <img src="https://fd7-photos.leclercdrive.fr/PictoLabelQualite.ashx?id=10&amp;mindim=25&amp;v=2" alt="Fili&amp;#232;re qualit&amp;#233;" data-tooltip2="StickerTexte" data-idsticker="2" data-typesticker="QUALITE">           </div>     <div class="divWCRS310_BG divWCRS310_ZonesStickerVignette">              </div>     <div class="divWCRS310_TD divWCRS310_ZonesStickerVignette">              </div>     <div class="divWCRS310_HD divWCRS310_ZonesStickerVignette">              </div>     <div class="divWCRS310_BD divWCRS310_ZonesStickerVignette">              </div>     <div class="divWCRS310_BGH divWCRS310_ZonesStickerVignette">              </div>     <div class="divWCRS310_MM divWCRS310_ZonesStickerVignette">              </div>          </div>                       <div class="divWCRS310_Outils solo">          <ul class="ulWCRS310_Outils">                  <li>         <a href="#" class="aWCRS310_Add2List" title="Ajouter à mes listes">Ajouter à mes listes<span>&nbsp;</span></a>     </li>           </ul>          <a class="spanWCRS310_Fleche" title="Voir plus de fonctionnalités" href="#">&nbsp;</a>      </div>               </li>      <li class="liWCRS310_Product liWCRS310_Unavailable colonne4 ligne6" id="sId29" data-vignette="bientotDisponible">         <div class="divWCRS310_Content">             <img src="https://fd7-photos.leclercdrive.fr/image.ashx?id=2298281&amp;use=l&amp;cat=p&amp;typeid=i" alt="Poivron Bicolore Bio Village" width="165" height="165">             <p class="pWCRS310_Info">                 Bientôt disponible</p>       <p>                 <a href="#" class="aWCRS310_Substitute bouton bouton-substitution visible_true" data-track="37100">Produits similaires</a></p>              <div class="divWCRS310_PrixUnitaire visible_false">                 <p class="pWCRS310_PrixUnitairePartieEntiere">                     2                 </p>                 <p class="pWCRS310_SigleMonetaire">                    €                 </p>                 <p class="pWCRS310_PrixUnitairePartieDecimale">                     ,79                 </p>             </div>              <p class="pWCRS310_PrixUniteMesure visible_false">1,40 € / p</p>             <p class="pWCRS310_Desc">                 <a class="aWCRS310_Product aWCRS310_ProductDisabled">                     Poivron Bicolore Bio Village<br>                     x2                 </a>                                          <span class="spanWCRS310_Origine" data-tooltip="Origine">ESPAGNE</span>                              </p>                  <div class="divWCRS310_HG divWCRS310_ZonesStickerVignette">              </div>     <div class="divWCRS310_MG divWCRS310_ZonesStickerVignette divWCRS310_SansCorner ">                          <img src="https://fd7-photos.leclercdrive.fr/logohandler.ashx?logo=1&amp;mindim=33" alt="Marque rep&amp;#232;re">                          <img src="https://fd7-photos.leclercdrive.fr/PictoLabelQualite.ashx?id=10&amp;mindim=25&amp;v=2" alt="Fili&amp;#232;re qualit&amp;#233;" data-tooltip2="StickerTexte" data-idsticker="2" data-typesticker="QUALITE">           </div>     <div class="divWCRS310_BG divWCRS310_ZonesStickerVignette">              </div>     <div class="divWCRS310_TD divWCRS310_ZonesStickerVignette">              </div>     <div class="divWCRS310_HD divWCRS310_ZonesStickerVignette">              </div>     <div class="divWCRS310_BD divWCRS310_ZonesStickerVignette">              </div>     <div class="divWCRS310_BGH divWCRS310_ZonesStickerVignette">              </div>     <div class="divWCRS310_MM divWCRS310_ZonesStickerVignette">              </div>          </div>                       <div class="divWCRS310_Outils solo">          <ul class="ulWCRS310_Outils">                  <li>         <a href="#" class="aWCRS310_Add2List" title="Ajouter à mes listes">Ajouter à mes listes<span>&nbsp;</span></a>     </li>           </ul>          <a class="spanWCRS310_Fleche" title="Voir plus de fonctionnalités" href="#">&nbsp;</a>      </div>               </li>      <li class="liWCRS310_Product      colonne1 ligne7" id="sId30" data-vignette="disponible">         <div class="divWCRS310_Bordure"></div>         <div class="divWCRS310_Content">             <a class="aWCRS310_Product">                 <img src="https://fd7-photos.leclercdrive.fr/image.ashx?id=2232342&amp;use=l&amp;cat=p&amp;typeid=i" alt="Patate douce Bio Village" width="165" height="165">             </a>                                           <!-- Ajout du html concernant le plus un moins un ou A composer suivant le type du produit -->                  <div class="divWCRS310_Panier masquerPlusUnMoinsUnAfficherPanier">         <a id="sLibellePictoAjouterProduit" href="#" class="aWCRS310_Add" data-track-id="1">Ajouter Produit</a>         <div class="divWCRS310_BlocIncrementerDecrementer">             <a href="#minus" class="aWCRS310_Less" data-track-id="2">-</a> <span id="spanWCRS310Quantite" class="spanWCRS310_count">0</span>             <a href="#plus" class="aWCRS310_More" data-track-id="1">+</a>         </div>     </div>                          <div class="divWCRS310_PrixUnitaire">                 <p class="pWCRS310_PrixUnitairePartieEntiere">                     2                 </p>                 <p class="pWCRS310_SigleMonetaire">                    €                 </p>                 <p class="pWCRS310_PrixUnitairePartieDecimale">                     ,79                 </p>             </div>             <div>                              <p class="pWCRS310_PrixUniteMesure">                     5,58 € / kg                 </p>                          </div>                      <span class="spanWCRS310_Clear"></span>             <p class="pWCRS310_Desc">                 <a class="aWCRS310_Product">Patate douce Bio Village<br>                     500g                  </a>                                       <span class="spanWCRS310_Origine" data-tooltip="Origine">FRANCE</span>                              </p>                               <div class="divWCRS310_HG divWCRS310_ZonesStickerVignette">              </div>     <div class="divWCRS310_MG divWCRS310_ZonesStickerVignette divWCRS310_SansCorner ">                          <img src="https://fd7-photos.leclercdrive.fr/logohandler.ashx?logo=1&amp;mindim=33" alt="Marque rep&amp;#232;re">                          <img src="https://fd7-photos.leclercdrive.fr/PictoLabelQualite.ashx?id=10&amp;mindim=25&amp;v=2" alt="Fili&amp;#232;re qualit&amp;#233;" data-tooltip2="StickerTexte" data-idsticker="2" data-typesticker="QUALITE">           </div>     <div class="divWCRS310_BG divWCRS310_ZonesStickerVignette">              </div>     <div class="divWCRS310_TD divWCRS310_ZonesStickerVignette">              </div>     <div class="divWCRS310_HD divWCRS310_ZonesStickerVignette">              </div>     <div class="divWCRS310_BD divWCRS310_ZonesStickerVignette">                     <img src="https://fd7-photos.leclercdrive.fr/VisuelEchelle.ashx?Id=644&amp;mindim=46" alt="">              </div>     <div class="divWCRS310_BGH divWCRS310_ZonesStickerVignette">              </div>     <div class="divWCRS310_MM divWCRS310_ZonesStickerVignette">              </div>          </div>              <div class="divWCRS310_Outils solo">          <ul class="ulWCRS310_Outils">                  <li>         <a href="#" class="aWCRS310_Add2List" title="Ajouter à mes listes">Ajouter à mes listes<span>&nbsp;</span></a>     </li>           </ul>          <a class="spanWCRS310_Fleche" title="Voir plus de fonctionnalités" href="#">&nbsp;</a>      </div>                             <p class="pWCRS310_HomogeneSucces visible_false"></p>         <p class="pWCRS310_QteMinPanierAtteinte visible_false"></p>      </li>      <li class="liWCRS310_Product      colonne2 ligne7" id="sId31" data-vignette="disponible">         <div class="divWCRS310_Bordure"></div>         <div class="divWCRS310_Content">             <a class="aWCRS310_Product">                 <img src="https://fd7-photos.leclercdrive.fr/image.ashx?id=1455295&amp;use=l&amp;cat=p&amp;typeid=i" alt="Endive Bio Village" width="165" height="165">             </a>                                           <!-- Ajout du html concernant le plus un moins un ou A composer suivant le type du produit -->                  <div class="divWCRS310_Panier masquerPlusUnMoinsUnAfficherPanier">         <a id="sLibellePictoAjouterProduit" href="#" class="aWCRS310_Add" data-track-id="1">Ajouter Produit</a>         <div class="divWCRS310_BlocIncrementerDecrementer">             <a href="#minus" class="aWCRS310_Less" data-track-id="2">-</a> <span id="spanWCRS310Quantite" class="spanWCRS310_count">0</span>             <a href="#plus" class="aWCRS310_More" data-track-id="1">+</a>         </div>     </div>                          <div class="divWCRS310_PrixUnitaire">                 <p class="pWCRS310_PrixUnitairePartieEntiere">                     3                 </p>                 <p class="pWCRS310_SigleMonetaire">                    €                 </p>                 <p class="pWCRS310_PrixUnitairePartieDecimale">                     ,69                 </p>             </div>             <div>                              <p class="pWCRS310_PrixUniteMesure">                     9,23 € / kg                 </p>                          </div>                      <span class="spanWCRS310_Clear"></span>             <p class="pWCRS310_Desc">                 <a class="aWCRS310_Product">Endive Bio Village<br>                     400g                  </a>                                       <span class="spanWCRS310_Origine" data-tooltip="Origine">FRANCE</span>                              </p>             <div class="divWCRS310_Mentions">    <dl class="ulWCRS310_Mentions">        <dt>Catégorie</dt>        <dd>CAT-2-</dd>    </dl></div>                  <div class="divWCRS310_HG divWCRS310_ZonesStickerVignette">              </div>     <div class="divWCRS310_MG divWCRS310_ZonesStickerVignette divWCRS310_SansCorner ">                          <img src="https://fd7-photos.leclercdrive.fr/logohandler.ashx?logo=1&amp;mindim=33" alt="Marque rep&amp;#232;re">                          <img src="https://fd7-photos.leclercdrive.fr/PictoLabelQualite.ashx?id=10&amp;mindim=25&amp;v=2" alt="Fili&amp;#232;re qualit&amp;#233;" data-tooltip2="StickerTexte" data-idsticker="2" data-typesticker="QUALITE">           </div>     <div class="divWCRS310_BG divWCRS310_ZonesStickerVignette">                          <img src="https://fd7-photos.leclercdrive.fr/StickerAvisClient.ashx?id=163" alt="">              </div>     <div class="divWCRS310_TD divWCRS310_ZonesStickerVignette">              </div>     <div class="divWCRS310_HD divWCRS310_ZonesStickerVignette">              </div>     <div class="divWCRS310_BD divWCRS310_ZonesStickerVignette">                     <img src="https://fd7-photos.leclercdrive.fr/VisuelEchelle.ashx?Id=649&amp;mindim=46" alt="">              </div>     <div class="divWCRS310_BGH divWCRS310_ZonesStickerVignette">              </div>     <div class="divWCRS310_MM divWCRS310_ZonesStickerVignette">              </div>          </div>              <div class="divWCRS310_Outils solo">          <ul class="ulWCRS310_Outils">                  <li>         <a href="#" class="aWCRS310_Add2List" title="Ajouter à mes listes">Ajouter à mes listes<span>&nbsp;</span></a>     </li>           </ul>          <a class="spanWCRS310_Fleche" title="Voir plus de fonctionnalités" href="#">&nbsp;</a>      </div>                             <p class="pWCRS310_HomogeneSucces visible_false"></p>         <p class="pWCRS310_QteMinPanierAtteinte visible_false"></p>           <div class="divWCRS310_Tooltip divWCRS310_TooltipOrigine" data-tooltip="Origine" style="display: none;">              <p class="pWCRS310_ContenuTooltip">         FRANCE     </p>       </div> </li>      <li class="liWCRS310_Product liWCRS310_Recette" id="sId5" data-vignette="recette">         <a class="aWCRS310_FlashRecette" href="https://fd7-courses.leclercdrive.fr/magasin-079111-Massy-Palaiseau/recette-11251.aspx">             <img src="https://fd7-photos.leclercdrive.fr/visueltrade.ashx?id=45389&amp;mag=079111" alt="Sandwich de poulet mariné en pain pita">         </a>     </li>      <li class="liWCRS310_Product liWCRS310_Unavailable colonne4 ligne7" id="sId32" data-vignette="bientotDisponible">         <div class="divWCRS310_Content">             <img src="https://fd7-photos.leclercdrive.fr/image.ashx?id=2233408&amp;use=l&amp;cat=p&amp;typeid=i" alt="Champignons de Paris blancs " width="165" height="165">             <p class="pWCRS310_Info">                 Bientôt disponible</p>       <p>                 <a href="#" class="aWCRS310_Substitute bouton bouton-substitution visible_false" data-track="37100">Produits similaires</a></p>              <div class="divWCRS310_PrixUnitaire visible_true">                 <p class="pWCRS310_PrixUnitairePartieEntiere">                     1                 </p>                 <p class="pWCRS310_SigleMonetaire">                    €                 </p>                 <p class="pWCRS310_PrixUnitairePartieDecimale">                     ,99                 </p>             </div>              <p class="pWCRS310_PrixUniteMesure visible_true">9,95 € / kg</p>             <p class="pWCRS310_Desc">                 <a class="aWCRS310_Product aWCRS310_ProductDisabled">                     Champignons de Paris blancs <br>                     Bio Village - 200g                 </a>                                          <span class="spanWCRS310_Origine" data-tooltip="Origine">FRANCE</span>                              </p>                  <div class="divWCRS310_HG divWCRS310_ZonesStickerVignette">              </div>     <div class="divWCRS310_MG divWCRS310_ZonesStickerVignette divWCRS310_SansCorner ">                          <img src="https://fd7-photos.leclercdrive.fr/logohandler.ashx?logo=1&amp;mindim=33" alt="Marque rep&amp;#232;re">                          <img src="https://fd7-photos.leclercdrive.fr/PictoLabelQualite.ashx?id=10&amp;mindim=25&amp;v=2" alt="Fili&amp;#232;re qualit&amp;#233;" data-tooltip2="StickerTexte" data-idsticker="2" data-typesticker="QUALITE">           </div>     <div class="divWCRS310_BG divWCRS310_ZonesStickerVignette">              </div>     <div class="divWCRS310_TD divWCRS310_ZonesStickerVignette">              </div>     <div class="divWCRS310_HD divWCRS310_ZonesStickerVignette">              </div>     <div class="divWCRS310_BD divWCRS310_ZonesStickerVignette">                     <img src="https://fd7-photos.leclercdrive.fr/VisuelEchelle.ashx?Id=979&amp;mindim=46" alt="">              </div>     <div class="divWCRS310_BGH divWCRS310_ZonesStickerVignette">              </div>     <div class="divWCRS310_MM divWCRS310_ZonesStickerVignette">              </div>          </div>                       <div class="divWCRS310_Outils solo">          <ul class="ulWCRS310_Outils">                  <li>         <a href="#" class="aWCRS310_Add2List" title="Ajouter à mes listes">Ajouter à mes listes<span>&nbsp;</span></a>     </li>           </ul>          <a class="spanWCRS310_Fleche" title="Voir plus de fonctionnalités" href="#">&nbsp;</a>      </div>               </li>      <li class="liWCRS310_Product      colonne1 ligne8" id="sId33" data-vignette="disponible">         <div class="divWCRS310_Bordure"></div>         <div class="divWCRS310_Content">             <a class="aWCRS310_Product">                 <img src="https://fd7-photos.leclercdrive.fr/image.ashx?id=1632051&amp;use=l&amp;cat=p&amp;typeid=i" alt="Champignon de Paris Bio" width="165" height="165">             </a>                                           <!-- Ajout du html concernant le plus un moins un ou A composer suivant le type du produit -->                  <div class="divWCRS310_Panier masquerPlusUnMoinsUnAfficherPanier">         <a id="sLibellePictoAjouterProduit" href="#" class="aWCRS310_Add" data-track-id="1">Ajouter Produit</a>         <div class="divWCRS310_BlocIncrementerDecrementer">             <a href="#minus" class="aWCRS310_Less" data-track-id="2">-</a> <span id="spanWCRS310Quantite" class="spanWCRS310_count">0</span>             <a href="#plus" class="aWCRS310_More" data-track-id="1">+</a>         </div>     </div>                          <div class="divWCRS310_PrixUnitaire">                 <p class="pWCRS310_PrixUnitairePartieEntiere">                     2                 </p>                 <p class="pWCRS310_SigleMonetaire">                    €                 </p>                 <p class="pWCRS310_PrixUnitairePartieDecimale">                     ,89                 </p>             </div>             <div>                              <p class="pWCRS310_PrixUniteMesure">                     14,45 € / kg                 </p>                          </div>                      <span class="spanWCRS310_Clear"></span>             <p class="pWCRS310_Desc">                 <a class="aWCRS310_Product">Champignon de Paris Bio<br>                      200g                            </a>                                       <span class="spanWCRS310_Origine" data-tooltip="Origine">FRANCE</span>                              </p>             <div class="divWCRS310_Mentions">    <dl class="ulWCRS310_Mentions">        <dt>Catégorie</dt>        <dd>CAT-1-</dd>    </dl></div>                  <div class="divWCRS310_HG divWCRS310_ZonesStickerVignette">              </div>     <div class="divWCRS310_MG divWCRS310_ZonesStickerVignette divWCRS310_SansCorner ">                          <img src="https://fd7-photos.leclercdrive.fr/PictoLabelQualite.ashx?id=10&amp;mindim=25&amp;v=2" alt="Fili&amp;#232;re qualit&amp;#233;" data-tooltip2="StickerTexte" data-idsticker="2" data-typesticker="QUALITE">           </div>     <div class="divWCRS310_BG divWCRS310_ZonesStickerVignette">              </div>     <div class="divWCRS310_TD divWCRS310_ZonesStickerVignette">              </div>     <div class="divWCRS310_HD divWCRS310_ZonesStickerVignette">              </div>     <div class="divWCRS310_BD divWCRS310_ZonesStickerVignette">                     <img src="https://fd7-photos.leclercdrive.fr/VisuelEchelle.ashx?type=2&amp;val=200.000&amp;unit=g&amp;mindim=46" alt="Molette echelle">              </div>     <div class="divWCRS310_BGH divWCRS310_ZonesStickerVignette">              </div>     <div class="divWCRS310_MM divWCRS310_ZonesStickerVignette">              </div>          </div>              <div class="divWCRS310_Outils solo">          <ul class="ulWCRS310_Outils">                  <li>         <a href="#" class="aWCRS310_Add2List" title="Ajouter à mes listes">Ajouter à mes listes<span>&nbsp;</span></a>     </li>           </ul>          <a class="spanWCRS310_Fleche" title="Voir plus de fonctionnalités" href="#">&nbsp;</a>      </div>                             <p class="pWCRS310_HomogeneSucces visible_false"></p>         <p class="pWCRS310_QteMinPanierAtteinte visible_false"></p>      </li>      <li class="liWCRS310_Product liWCRS310_Unavailable colonne2 ligne8" id="sId34" data-vignette="bientotDisponible">         <div class="divWCRS310_Content">             <img src="https://fd7-photos.leclercdrive.fr/image.ashx?id=2373021&amp;use=l&amp;cat=p&amp;typeid=i" alt="Avocat Bio Village" width="165" height="165">             <p class="pWCRS310_Info">                 Bientôt disponible</p>       <p>                 <a href="#" class="aWCRS310_Substitute bouton bouton-substitution visible_false" data-track="37100">Produits similaires</a></p>              <div class="divWCRS310_PrixUnitaire visible_true">                 <p class="pWCRS310_PrixUnitairePartieEntiere">                     2                 </p>                 <p class="pWCRS310_SigleMonetaire">                    €                 </p>                 <p class="pWCRS310_PrixUnitairePartieDecimale">                     ,59                 </p>             </div>              <p class="pWCRS310_PrixUniteMesure visible_true">1,30 € / p</p>             <p class="pWCRS310_Desc">                 <a class="aWCRS310_Product aWCRS310_ProductDisabled">                     Avocat Bio Village<br>                     En barquette x2                 </a>                                          <span class="spanWCRS310_Origine" data-tooltip="Origine">MEXIQUE</span>                              </p>                  <div class="divWCRS310_HG divWCRS310_ZonesStickerVignette">              </div>     <div class="divWCRS310_MG divWCRS310_ZonesStickerVignette divWCRS310_SansCorner ">                          <img src="https://fd7-photos.leclercdrive.fr/logohandler.ashx?logo=1&amp;mindim=33" alt="Marque rep&amp;#232;re">                          <img src="https://fd7-photos.leclercdrive.fr/PictoLabelQualite.ashx?id=10&amp;mindim=25&amp;v=2" alt="Fili&amp;#232;re qualit&amp;#233;" data-tooltip2="StickerTexte" data-idsticker="2" data-typesticker="QUALITE">           </div>     <div class="divWCRS310_BG divWCRS310_ZonesStickerVignette">              </div>     <div class="divWCRS310_TD divWCRS310_ZonesStickerVignette">              </div>     <div class="divWCRS310_HD divWCRS310_ZonesStickerVignette">              </div>     <div class="divWCRS310_BD divWCRS310_ZonesStickerVignette">              </div>     <div class="divWCRS310_BGH divWCRS310_ZonesStickerVignette">              </div>     <div class="divWCRS310_MM divWCRS310_ZonesStickerVignette">              </div>          </div>                       <div class="divWCRS310_Outils solo">          <ul class="ulWCRS310_Outils">                  <li>         <a href="#" class="aWCRS310_Add2List" title="Ajouter à mes listes">Ajouter à mes listes<span>&nbsp;</span></a>     </li>           </ul>          <a class="spanWCRS310_Fleche" title="Voir plus de fonctionnalités" href="#">&nbsp;</a>      </div>               </li>      <li class="liWCRS310_Product      colonne3 ligne8" id="sId35" data-vignette="disponible">         <div class="divWCRS310_Bordure"></div>         <div class="divWCRS310_Content">             <a class="aWCRS310_Product">                 <img src="https://fd7-photos.leclercdrive.fr/image.ashx?id=2232264&amp;use=l&amp;cat=p&amp;typeid=i" alt="Echalote Bio Village" width="165" height="165">             </a>                                           <!-- Ajout du html concernant le plus un moins un ou A composer suivant le type du produit -->                  <div class="divWCRS310_Panier masquerPlusUnMoinsUnAfficherPanier">         <a id="sLibellePictoAjouterProduit" href="#" class="aWCRS310_Add" data-track-id="1">Ajouter Produit</a>         <div class="divWCRS310_BlocIncrementerDecrementer">             <a href="#minus" class="aWCRS310_Less" data-track-id="2">-</a> <span id="spanWCRS310Quantite" class="spanWCRS310_count">0</span>             <a href="#plus" class="aWCRS310_More" data-track-id="1">+</a>         </div>     </div>                          <div class="divWCRS310_PrixUnitaire">                 <p class="pWCRS310_PrixUnitairePartieEntiere">                     1                 </p>                 <p class="pWCRS310_SigleMonetaire">                    €                 </p>                 <p class="pWCRS310_PrixUnitairePartieDecimale">                     ,49                 </p>             </div>             <div>                              <p class="pWCRS310_PrixUniteMesure">                     5,96 € / kg                 </p>                          </div>                      <span class="spanWCRS310_Clear"></span>             <p class="pWCRS310_Desc">                 <a class="aWCRS310_Product">Echalote Bio Village<br>                     Demi-longues - 250g                  </a>                                       <span class="spanWCRS310_Origine" data-tooltip="Origine">FRANCE</span>                              </p>             <div class="divWCRS310_Mentions">    <dl class="ulWCRS310_Mentions">        <dt>Catégorie</dt>        <dd>CAT-2-</dd>        <dt>Calibre</dt>        <dd>30/50MM</dd>        <dt>Variété</dt>        <dd>TRADITIONNELLE</dd>    </dl></div>                  <div class="divWCRS310_HG divWCRS310_ZonesStickerVignette">              </div>     <div class="divWCRS310_MG divWCRS310_ZonesStickerVignette divWCRS310_SansCorner ">                          <img src="https://fd7-photos.leclercdrive.fr/logohandler.ashx?logo=1&amp;mindim=33" alt="Marque rep&amp;#232;re">                          <img src="https://fd7-photos.leclercdrive.fr/PictoLabelQualite.ashx?id=10&amp;mindim=25&amp;v=2" alt="Fili&amp;#232;re qualit&amp;#233;" data-tooltip2="StickerTexte" data-idsticker="2" data-typesticker="QUALITE">           </div>     <div class="divWCRS310_BG divWCRS310_ZonesStickerVignette">                          <img src="https://fd7-photos.leclercdrive.fr/StickerAvisClient.ashx?id=162" alt="">              </div>     <div class="divWCRS310_TD divWCRS310_ZonesStickerVignette">              </div>     <div class="divWCRS310_HD divWCRS310_ZonesStickerVignette">              </div>     <div class="divWCRS310_BD divWCRS310_ZonesStickerVignette">                     <img src="https://fd7-photos.leclercdrive.fr/VisuelEchelle.ashx?Id=646&amp;mindim=46" alt="">              </div>     <div class="divWCRS310_BGH divWCRS310_ZonesStickerVignette">              </div>     <div class="divWCRS310_MM divWCRS310_ZonesStickerVignette">              </div>          </div>              <div class="divWCRS310_Outils solo">          <ul class="ulWCRS310_Outils">                  <li>         <a href="#" class="aWCRS310_Add2List" title="Ajouter à mes listes">Ajouter à mes listes<span>&nbsp;</span></a>     </li>           </ul>          <a class="spanWCRS310_Fleche" title="Voir plus de fonctionnalités" href="#">&nbsp;</a>      </div>                             <p class="pWCRS310_HomogeneSucces visible_false"></p>         <p class="pWCRS310_QteMinPanierAtteinte visible_false"></p>      </li>      <li class="liWCRS310_Product      colonne4 ligne8" id="sId36" data-vignette="disponible">         <div class="divWCRS310_Bordure"></div>         <div class="divWCRS310_Content">             <a class="aWCRS310_Product">                 <img src="https://fd7-photos.leclercdrive.fr/image.ashx?id=1644638&amp;use=l&amp;cat=p&amp;typeid=i" alt="Chou fleur Bio Village" width="165" height="165">             </a>                                           <!-- Ajout du html concernant le plus un moins un ou A composer suivant le type du produit -->                  <div class="divWCRS310_Panier masquerPlusUnMoinsUnAfficherPanier">         <a id="sLibellePictoAjouterProduit" href="#" class="aWCRS310_Add" data-track-id="1">Ajouter Produit</a>         <div class="divWCRS310_BlocIncrementerDecrementer">             <a href="#minus" class="aWCRS310_Less" data-track-id="2">-</a> <span id="spanWCRS310Quantite" class="spanWCRS310_count">0</span>             <a href="#plus" class="aWCRS310_More" data-track-id="1">+</a>         </div>     </div>                          <div class="divWCRS310_PrixUnitaire">                 <p class="pWCRS310_PrixUnitairePartieEntiere">                     3                 </p>                 <p class="pWCRS310_SigleMonetaire">                    €                 </p>                 <p class="pWCRS310_PrixUnitairePartieDecimale">                     ,99                 </p>             </div>             <div>                              <p class="pWCRS310_PrixUniteMesure">                                      </p>                          </div>                      <span class="spanWCRS310_Clear"></span>             <p class="pWCRS310_Desc">                 <a class="aWCRS310_Product">Chou fleur Bio Village<br>                     x1                  </a>                                       <span class="spanWCRS310_Origine" data-tooltip="Origine">FRANCE</span>                              </p>             <div class="divWCRS310_Mentions">    <dl class="ulWCRS310_Mentions">        <dt>Catégorie</dt>        <dd>CAT-1-</dd>    </dl></div>                  <div class="divWCRS310_HG divWCRS310_ZonesStickerVignette">              </div>     <div class="divWCRS310_MG divWCRS310_ZonesStickerVignette divWCRS310_SansCorner ">                          <img src="https://fd7-photos.leclercdrive.fr/PictoLabelQualite.ashx?id=10&amp;mindim=25&amp;v=2" alt="Fili&amp;#232;re qualit&amp;#233;" data-tooltip2="StickerTexte" data-idsticker="2" data-typesticker="QUALITE">           </div>     <div class="divWCRS310_BG divWCRS310_ZonesStickerVignette">                          <img src="https://fd7-photos.leclercdrive.fr/StickerAvisClient.ashx?id=156" alt="">              </div>     <div class="divWCRS310_TD divWCRS310_ZonesStickerVignette">              </div>     <div class="divWCRS310_HD divWCRS310_ZonesStickerVignette">              </div>     <div class="divWCRS310_BD divWCRS310_ZonesStickerVignette">                     <img src="https://fd7-photos.leclercdrive.fr/VisuelEchelle.ashx?Id=662&amp;mindim=46" alt="">              </div>     <div class="divWCRS310_BGH divWCRS310_ZonesStickerVignette">              </div>     <div class="divWCRS310_MM divWCRS310_ZonesStickerVignette">              </div>          </div>              <div class="divWCRS310_Outils solo">          <ul class="ulWCRS310_Outils">                  <li>         <a href="#" class="aWCRS310_Add2List" title="Ajouter à mes listes">Ajouter à mes listes<span>&nbsp;</span></a>     </li>           </ul>          <a class="spanWCRS310_Fleche" title="Voir plus de fonctionnalités" href="#">&nbsp;</a>      </div>                             <p class="pWCRS310_HomogeneSucces visible_false"></p>         <p class="pWCRS310_QteMinPanierAtteinte visible_false"></p>      </li>      <li class="liWCRS310_Product liWCRS310_Unavailable colonne1 ligne9" id="sId37" data-vignette="bientotDisponible">         <div class="divWCRS310_Content">             <img src="https://fd7-photos.leclercdrive.fr/image.ashx?id=1644641&amp;use=l&amp;cat=p&amp;typeid=i" alt="Chou blanc entier" width="165" height="165">             <p class="pWCRS310_Info">                 Bientôt disponible</p>       <p>                 <a href="#" class="aWCRS310_Substitute bouton bouton-substitution visible_true" data-track="37100">Produits similaires</a></p>              <div class="divWCRS310_PrixUnitaire visible_false">                 <p class="pWCRS310_PrixUnitairePartieEntiere">                     2                 </p>                 <p class="pWCRS310_SigleMonetaire">                    €                 </p>                 <p class="pWCRS310_PrixUnitairePartieDecimale">                     ,79                 </p>             </div>              <p class="pWCRS310_PrixUniteMesure visible_false"></p>             <p class="pWCRS310_Desc">                 <a class="aWCRS310_Product aWCRS310_ProductDisabled">                     Chou blanc entier<br>                     Bio - x1                 </a>                                          <span class="spanWCRS310_Origine" data-tooltip="Origine">FRANCE</span>                              </p>                  <div class="divWCRS310_HG divWCRS310_ZonesStickerVignette">              </div>     <div class="divWCRS310_MG divWCRS310_ZonesStickerVignette divWCRS310_SansCorner ">                          <img src="https://fd7-photos.leclercdrive.fr/logohandler.ashx?logo=1&amp;mindim=33" alt="Marque rep&amp;#232;re">                          <img src="https://fd7-photos.leclercdrive.fr/PictoLabelQualite.ashx?id=10&amp;mindim=25&amp;v=2" alt="Fili&amp;#232;re qualit&amp;#233;" data-tooltip2="StickerTexte" data-idsticker="2" data-typesticker="QUALITE">           </div>     <div class="divWCRS310_BG divWCRS310_ZonesStickerVignette">              </div>     <div class="divWCRS310_TD divWCRS310_ZonesStickerVignette">              </div>     <div class="divWCRS310_HD divWCRS310_ZonesStickerVignette">              </div>     <div class="divWCRS310_BD divWCRS310_ZonesStickerVignette">                     <img src="https://fd7-photos.leclercdrive.fr/VisuelEchelle.ashx?Id=662&amp;mindim=46" alt="">              </div>     <div class="divWCRS310_BGH divWCRS310_ZonesStickerVignette">              </div>     <div class="divWCRS310_MM divWCRS310_ZonesStickerVignette">              </div>          </div>                       <div class="divWCRS310_Outils solo">          <ul class="ulWCRS310_Outils">                  <li>         <a href="#" class="aWCRS310_Add2List" title="Ajouter à mes listes">Ajouter à mes listes<span>&nbsp;</span></a>     </li>           </ul>          <a class="spanWCRS310_Fleche" title="Voir plus de fonctionnalités" href="#">&nbsp;</a>      </div>               </li>      <li class="liWCRS310_Product      colonne2 ligne9" id="sId38" data-vignette="disponible">         <div class="divWCRS310_Bordure"></div>         <div class="divWCRS310_Content">             <a class="aWCRS310_Product">                 <img src="https://fd7-photos.leclercdrive.fr/image.ashx?id=2233411&amp;use=l&amp;cat=p&amp;typeid=i" alt="Champignons de Paris bruns " width="165" height="165">             </a>                                           <!-- Ajout du html concernant le plus un moins un ou A composer suivant le type du produit -->                  <div class="divWCRS310_Panier masquerPlusUnMoinsUnAfficherPanier">         <a id="sLibellePictoAjouterProduit" href="#" class="aWCRS310_Add" data-track-id="1">Ajouter Produit</a>         <div class="divWCRS310_BlocIncrementerDecrementer">             <a href="#minus" class="aWCRS310_Less" data-track-id="2">-</a> <span id="spanWCRS310Quantite" class="spanWCRS310_count">0</span>             <a href="#plus" class="aWCRS310_More" data-track-id="1">+</a>         </div>     </div>                          <div class="divWCRS310_PrixUnitaire">                 <p class="pWCRS310_PrixUnitairePartieEntiere">                     2                 </p>                 <p class="pWCRS310_SigleMonetaire">                    €                 </p>                 <p class="pWCRS310_PrixUnitairePartieDecimale">                     ,19                 </p>             </div>             <div>                              <p class="pWCRS310_PrixUniteMesure">                     10,95 € / kg                 </p>                          </div>                      <span class="spanWCRS310_Clear"></span>             <p class="pWCRS310_Desc">                 <a class="aWCRS310_Product">Champignons de Paris bruns <br>                     Bio Village - 200g                  </a>                                       <span class="spanWCRS310_Origine" data-tooltip="Origine">FRANCE</span>                              </p>             <div class="divWCRS310_Mentions">    <dl class="ulWCRS310_Mentions">        <dt>Catégorie</dt>        <dd>CAT-1-</dd>    </dl></div>                  <div class="divWCRS310_HG divWCRS310_ZonesStickerVignette">              </div>     <div class="divWCRS310_MG divWCRS310_ZonesStickerVignette divWCRS310_SansCorner ">                          <img src="https://fd7-photos.leclercdrive.fr/logohandler.ashx?logo=1&amp;mindim=33" alt="Marque rep&amp;#232;re">                          <img src="https://fd7-photos.leclercdrive.fr/PictoLabelQualite.ashx?id=10&amp;mindim=25&amp;v=2" alt="Fili&amp;#232;re qualit&amp;#233;" data-tooltip2="StickerTexte" data-idsticker="2" data-typesticker="QUALITE">           </div>     <div class="divWCRS310_BG divWCRS310_ZonesStickerVignette">                          <img src="https://fd7-photos.leclercdrive.fr/StickerAvisClient.ashx?id=161" alt="">              </div>     <div class="divWCRS310_TD divWCRS310_ZonesStickerVignette">              </div>     <div class="divWCRS310_HD divWCRS310_ZonesStickerVignette">              </div>     <div class="divWCRS310_BD divWCRS310_ZonesStickerVignette">                     <img src="https://fd7-photos.leclercdrive.fr/VisuelEchelle.ashx?Id=979&amp;mindim=46" alt="">              </div>     <div class="divWCRS310_BGH divWCRS310_ZonesStickerVignette">              </div>     <div class="divWCRS310_MM divWCRS310_ZonesStickerVignette">              </div>          </div>              <div class="divWCRS310_Outils solo">          <ul class="ulWCRS310_Outils">                  <li>         <a href="#" class="aWCRS310_Add2List" title="Ajouter à mes listes">Ajouter à mes listes<span>&nbsp;</span></a>     </li>           </ul>          <a class="spanWCRS310_Fleche" title="Voir plus de fonctionnalités" href="#">&nbsp;</a>      </div>                             <p class="pWCRS310_HomogeneSucces visible_false"></p>         <p class="pWCRS310_QteMinPanierAtteinte visible_false"></p>      </li>      <li class="liWCRS310_Product liWCRS310_Unavailable colonne3 ligne9" id="sId39" data-vignette="bientotDisponible">         <div class="divWCRS310_Content">             <img src="https://fd7-photos.leclercdrive.fr/image.ashx?id=1274899&amp;use=l&amp;cat=p&amp;typeid=i" alt="Brocolis Bio Village" width="165" height="165">             <p class="pWCRS310_Info">                 Bientôt disponible</p>       <p>                 <a href="#" class="aWCRS310_Substitute bouton bouton-substitution visible_true" data-track="37100">Produits similaires</a></p>              <div class="divWCRS310_PrixUnitaire visible_false">                 <p class="pWCRS310_PrixUnitairePartieEntiere">                     1                 </p>                 <p class="pWCRS310_SigleMonetaire">                    €                 </p>                 <p class="pWCRS310_PrixUnitairePartieDecimale">                     ,99                 </p>             </div>              <p class="pWCRS310_PrixUniteMesure visible_false">3,98 € / kg</p>             <p class="pWCRS310_Desc">                 <a class="aWCRS310_Product aWCRS310_ProductDisabled">                     Brocolis Bio Village<br>                     500g                 </a>                                          <span class="spanWCRS310_Origine" data-tooltip="Origine">ESPAGNE</span>                              </p>                  <div class="divWCRS310_HG divWCRS310_ZonesStickerVignette">              </div>     <div class="divWCRS310_MG divWCRS310_ZonesStickerVignette divWCRS310_SansCorner ">                          <img src="https://fd7-photos.leclercdrive.fr/logohandler.ashx?logo=1&amp;mindim=33" alt="Marque rep&amp;#232;re">                          <img src="https://fd7-photos.leclercdrive.fr/PictoLabelQualite.ashx?id=10&amp;mindim=25&amp;v=2" alt="Fili&amp;#232;re qualit&amp;#233;" data-tooltip2="StickerTexte" data-idsticker="2" data-typesticker="QUALITE">           </div>     <div class="divWCRS310_BG divWCRS310_ZonesStickerVignette">              </div>     <div class="divWCRS310_TD divWCRS310_ZonesStickerVignette">              </div>     <div class="divWCRS310_HD divWCRS310_ZonesStickerVignette">              </div>     <div class="divWCRS310_BD divWCRS310_ZonesStickerVignette">                              <img src="https://fd7-photos.leclercdrive.fr/logohandler.ashx?logo=100&amp;mindim=25" alt="Fra&amp;#238;cheur">                     <img src="https://fd7-photos.leclercdrive.fr/VisuelEchelle.ashx?Id=644&amp;mindim=46" alt="">              </div>     <div class="divWCRS310_BGH divWCRS310_ZonesStickerVignette">              </div>     <div class="divWCRS310_MM divWCRS310_ZonesStickerVignette">              </div>          </div>                       <div class="divWCRS310_Outils solo">          <ul class="ulWCRS310_Outils">                  <li>         <a href="#" class="aWCRS310_Add2List" title="Ajouter à mes listes">Ajouter à mes listes<span>&nbsp;</span></a>     </li>           </ul>          <a class="spanWCRS310_Fleche" title="Voir plus de fonctionnalités" href="#">&nbsp;</a>      </div>               </li>      <li class="liWCRS310_Product liWCRS310_Unavailable colonne4 ligne9" id="sId40" data-vignette="bientotDisponible">         <div class="divWCRS310_Content">             <img src="https://fd7-photos.leclercdrive.fr/image.ashx?id=2485230&amp;use=l&amp;cat=p&amp;typeid=i" alt="Mâche Bio Bonduelle" width="165" height="165">             <p class="pWCRS310_Info">                 Bientôt disponible</p>       <p>                 <a href="#" class="aWCRS310_Substitute bouton bouton-substitution visible_true" data-track="37100">Produits similaires</a></p>              <div class="divWCRS310_PrixUnitaire visible_false">                 <p class="pWCRS310_PrixUnitairePartieEntiere">                     2                 </p>                 <p class="pWCRS310_SigleMonetaire">                    €                 </p>                 <p class="pWCRS310_PrixUnitairePartieDecimale">                     ,25                 </p>             </div>              <p class="pWCRS310_PrixUniteMesure visible_false">28,13 € / kg</p>             <p class="pWCRS310_Desc">                 <a class="aWCRS310_Product aWCRS310_ProductDisabled">                     Mâche Bio Bonduelle<br>                     80g                 </a>                                  </p>                  <div class="divWCRS310_HG divWCRS310_ZonesStickerVignette">              </div>     <div class="divWCRS310_MG divWCRS310_ZonesStickerVignette divWCRS310_SansCorner ">                          <img src="https://fd7-photos.leclercdrive.fr/PictoLabelQualite.ashx?id=10&amp;mindim=25&amp;v=2" alt="Fili&amp;#232;re qualit&amp;#233;" data-tooltip2="StickerTexte" data-idsticker="2" data-typesticker="QUALITE">           </div>     <div class="divWCRS310_BG divWCRS310_ZonesStickerVignette">              </div>     <div class="divWCRS310_TD divWCRS310_ZonesStickerVignette">              </div>     <div class="divWCRS310_HD divWCRS310_ZonesStickerVignette">              </div>     <div class="divWCRS310_BD divWCRS310_ZonesStickerVignette">                              <img src="https://fd7-photos.leclercdrive.fr/logohandler.ashx?logo=100&amp;mindim=25" alt="Fra&amp;#238;cheur">              </div>     <div class="divWCRS310_BGH divWCRS310_ZonesStickerVignette">              </div>     <div class="divWCRS310_MM divWCRS310_ZonesStickerVignette">              </div>          </div>                       <div class="divWCRS310_Outils solo">          <ul class="ulWCRS310_Outils">                  <li>         <a href="#" class="aWCRS310_Add2List" title="Ajouter à mes listes">Ajouter à mes listes<span>&nbsp;</span></a>     </li>           </ul>          <a class="spanWCRS310_Fleche" title="Voir plus de fonctionnalités" href="#">&nbsp;</a>      </div>               </li>      <li class="liWCRS310_Product liWCRS310_Unavailable colonne1 ligne10" id="sId41" data-vignette="bientotDisponible">         <div class="divWCRS310_Content">             <img src="https://fd7-photos.leclercdrive.fr/image.ashx?id=2027895&amp;use=l&amp;cat=p&amp;typeid=i" alt="Mélange de jeunes pousses Bio" width="165" height="165">             <p class="pWCRS310_Info">                 Bientôt disponible</p>       <p>                 <a href="#" class="aWCRS310_Substitute bouton bouton-substitution visible_true" data-track="37100">Produits similaires</a></p>              <div class="divWCRS310_PrixUnitaire visible_false">                 <p class="pWCRS310_PrixUnitairePartieEntiere">                     1                 </p>                 <p class="pWCRS310_SigleMonetaire">                    €                 </p>                 <p class="pWCRS310_PrixUnitairePartieDecimale">                     ,93                 </p>             </div>              <p class="pWCRS310_PrixUniteMesure visible_false">19,30 € / kg</p>             <p class="pWCRS310_Desc">                 <a class="aWCRS310_Product aWCRS310_ProductDisabled">                     Mélange de jeunes pousses Bio<br>                     Bio Village - 100g                 </a>                                  </p>                  <div class="divWCRS310_HG divWCRS310_ZonesStickerVignette">              </div>     <div class="divWCRS310_MG divWCRS310_ZonesStickerVignette divWCRS310_SansCorner ">                          <img src="https://fd7-photos.leclercdrive.fr/PictoLabelQualite.ashx?id=10&amp;mindim=25&amp;v=2" alt="Fili&amp;#232;re qualit&amp;#233;" data-tooltip2="StickerTexte" data-idsticker="2" data-typesticker="QUALITE">           </div>     <div class="divWCRS310_BG divWCRS310_ZonesStickerVignette">              </div>     <div class="divWCRS310_TD divWCRS310_ZonesStickerVignette">              </div>     <div class="divWCRS310_HD divWCRS310_ZonesStickerVignette">              </div>     <div class="divWCRS310_BD divWCRS310_ZonesStickerVignette">                              <img src="https://fd7-photos.leclercdrive.fr/logohandler.ashx?logo=100&amp;mindim=25" alt="Fra&amp;#238;cheur">              </div>     <div class="divWCRS310_BGH divWCRS310_ZonesStickerVignette">              </div>     <div class="divWCRS310_MM divWCRS310_ZonesStickerVignette">              </div>          </div>                       <div class="divWCRS310_Outils solo">          <ul class="ulWCRS310_Outils">                  <li>         <a href="#" class="aWCRS310_Add2List" title="Ajouter à mes listes">Ajouter à mes listes<span>&nbsp;</span></a>     </li>           </ul>          <a class="spanWCRS310_Fleche" title="Voir plus de fonctionnalités" href="#">&nbsp;</a>      </div>               </li>      <li class="liWCRS310_Product      colonne2 ligne10" id="sId42" data-vignette="disponible">         <div class="divWCRS310_Bordure"></div>         <div class="divWCRS310_Content">             <a class="aWCRS310_Product">                 <img src="https://fd7-photos.leclercdrive.fr/image.ashx?id=2049211&amp;use=l&amp;cat=p&amp;typeid=i" alt="Pruneaux d'agen Bio Village" width="165" height="165">             </a>                                           <!-- Ajout du html concernant le plus un moins un ou A composer suivant le type du produit -->                  <div class="divWCRS310_Panier masquerPlusUnMoinsUnAfficherPanier">         <a id="sLibellePictoAjouterProduit" href="#" class="aWCRS310_Add" data-track-id="1">Ajouter Produit</a>         <div class="divWCRS310_BlocIncrementerDecrementer">             <a href="#minus" class="aWCRS310_Less" data-track-id="2">-</a> <span id="spanWCRS310Quantite" class="spanWCRS310_count">0</span>             <a href="#plus" class="aWCRS310_More" data-track-id="1">+</a>         </div>     </div>                          <div class="divWCRS310_PrixUnitaire">                 <p class="pWCRS310_PrixUnitairePartieEntiere">                     3                 </p>                 <p class="pWCRS310_SigleMonetaire">                    €                 </p>                 <p class="pWCRS310_PrixUnitairePartieDecimale">                     ,16                 </p>             </div>             <div>                              <p class="pWCRS310_PrixUniteMesure">                     12,64 € / kg                 </p>                          </div>                      <span class="spanWCRS310_Clear"></span>             <p class="pWCRS310_Desc">                 <a class="aWCRS310_Product">Pruneaux d'agen Bio Village<br>                     250g                  </a>                                       <span class="spanWCRS310_ContenanceInfo"> </span>                              </p>                               <div class="divWCRS310_HG divWCRS310_ZonesStickerVignette">              </div>     <div class="divWCRS310_MG divWCRS310_ZonesStickerVignette divWCRS310_SansCorner ">                          <img src="https://fd7-photos.leclercdrive.fr/logohandler.ashx?logo=1&amp;mindim=33" alt="Marque rep&amp;#232;re">                          <img src="https://fd7-photos.leclercdrive.fr/PictoLabelQualite.ashx?id=10&amp;mindim=25&amp;v=2" alt="Fili&amp;#232;re qualit&amp;#233;" data-tooltip2="StickerTexte" data-idsticker="2" data-typesticker="QUALITE">           </div>     <div class="divWCRS310_BG divWCRS310_ZonesStickerVignette">                          <img src="https://fd7-photos.leclercdrive.fr/StickerAvisClient.ashx?id=159" alt="">              </div>     <div class="divWCRS310_TD divWCRS310_ZonesStickerVignette">              </div>     <div class="divWCRS310_HD divWCRS310_ZonesStickerVignette">              </div>     <div class="divWCRS310_BD divWCRS310_ZonesStickerVignette">                     <img src="https://fd7-photos.leclercdrive.fr/VisuelEchelle.ashx?Id=117&amp;mindim=46" alt="">              </div>     <div class="divWCRS310_BGH divWCRS310_ZonesStickerVignette">                          <img src="https://fd7-photos.leclercdrive.fr/image.ashx?id=1237706&amp;use=nsc&amp;cat=p&amp;typeid=i&amp;mindim=35" alt="Nutri Score" data-tooltip2="StickerTexte" data-idsticker="23" data-typesticker="NUTRISCORE">              </div>     <div class="divWCRS310_MM divWCRS310_ZonesStickerVignette">              </div>          </div>              <div class="divWCRS310_Outils solo">          <ul class="ulWCRS310_Outils">                  <li>         <a href="#" class="aWCRS310_Add2List" title="Ajouter à mes listes">Ajouter à mes listes<span>&nbsp;</span></a>     </li>           </ul>          <a class="spanWCRS310_Fleche" title="Voir plus de fonctionnalités" href="#">&nbsp;</a>      </div>                             <p class="pWCRS310_HomogeneSucces visible_false"></p>         <p class="pWCRS310_QteMinPanierAtteinte visible_false"></p>      </li>      <li class="liWCRS310_Product liWCRS310_Unavailable colonne3 ligne10" id="sId43" data-vignette="bientotDisponible">         <div class="divWCRS310_Content">             <img src="https://fd7-photos.leclercdrive.fr/image.ashx?id=2213874&amp;use=l&amp;cat=p&amp;typeid=i" alt="Datte moelleuse Bio" width="165" height="165">             <p class="pWCRS310_Info">                 Bientôt disponible</p>       <p>                 <a href="#" class="aWCRS310_Substitute bouton bouton-substitution visible_false" data-track="37100">Produits similaires</a></p>              <div class="divWCRS310_PrixUnitaire visible_true">                 <p class="pWCRS310_PrixUnitairePartieEntiere">                     2                 </p>                 <p class="pWCRS310_SigleMonetaire">                    €                 </p>                 <p class="pWCRS310_PrixUnitairePartieDecimale">                     ,55                 </p>             </div>              <p class="pWCRS310_PrixUniteMesure visible_true">12,75 € / kg</p>             <p class="pWCRS310_Desc">                 <a class="aWCRS310_Product aWCRS310_ProductDisabled">                     Datte moelleuse Bio<br>                     200g                 </a>                                  </p>                  <div class="divWCRS310_HG divWCRS310_ZonesStickerVignette">              </div>     <div class="divWCRS310_MG divWCRS310_ZonesStickerVignette divWCRS310_SansCorner ">                          <img src="https://fd7-photos.leclercdrive.fr/PictoLabelQualite.ashx?id=10&amp;mindim=25&amp;v=2" alt="Fili&amp;#232;re qualit&amp;#233;" data-tooltip2="StickerTexte" data-idsticker="2" data-typesticker="QUALITE">           </div>     <div class="divWCRS310_BG divWCRS310_ZonesStickerVignette">              </div>     <div class="divWCRS310_TD divWCRS310_ZonesStickerVignette">              </div>     <div class="divWCRS310_HD divWCRS310_ZonesStickerVignette">              </div>     <div class="divWCRS310_BD divWCRS310_ZonesStickerVignette">                     <img src="https://fd7-photos.leclercdrive.fr/VisuelEchelle.ashx?Id=120&amp;mindim=46" alt="">              </div>     <div class="divWCRS310_BGH divWCRS310_ZonesStickerVignette">              </div>     <div class="divWCRS310_MM divWCRS310_ZonesStickerVignette">              </div>          </div>                       <div class="divWCRS310_Outils solo">          <ul class="ulWCRS310_Outils">                  <li>         <a href="#" class="aWCRS310_Add2List" title="Ajouter à mes listes">Ajouter à mes listes<span>&nbsp;</span></a>     </li>           </ul>          <a class="spanWCRS310_Fleche" title="Voir plus de fonctionnalités" href="#">&nbsp;</a>      </div>               </li>      <li class="liWCRS310_Product      colonne4 ligne10" id="sId44" data-vignette="disponible">         <div class="divWCRS310_Bordure"></div>         <div class="divWCRS310_Content">             <a class="aWCRS310_Product">                 <img src="https://fd7-photos.leclercdrive.fr/image.ashx?id=1966406&amp;use=l&amp;cat=p&amp;typeid=i" alt="Figues séchées Bio village" width="165" height="165">             </a>                                           <!-- Ajout du html concernant le plus un moins un ou A composer suivant le type du produit -->                  <div class="divWCRS310_Panier masquerPlusUnMoinsUnAfficherPanier">         <a id="sLibellePictoAjouterProduit" href="#" class="aWCRS310_Add" data-track-id="1">Ajouter Produit</a>         <div class="divWCRS310_BlocIncrementerDecrementer">             <a href="#minus" class="aWCRS310_Less" data-track-id="2">-</a> <span id="spanWCRS310Quantite" class="spanWCRS310_count">0</span>             <a href="#plus" class="aWCRS310_More" data-track-id="1">+</a>         </div>     </div>                          <div class="divWCRS310_PrixUnitaire">                 <p class="pWCRS310_PrixUnitairePartieEntiere">                     3                 </p>                 <p class="pWCRS310_SigleMonetaire">                    €                 </p>                 <p class="pWCRS310_PrixUnitairePartieDecimale">                     ,54                 </p>             </div>             <div>                              <p class="pWCRS310_PrixUniteMesure">                     14,16 € / kg                 </p>                          </div>                      <span class="spanWCRS310_Clear"></span>             <p class="pWCRS310_Desc">                 <a class="aWCRS310_Product">Figues séchées Bio village<br>                     Moelleuses - 250g                  </a>                                       <span class="spanWCRS310_ContenanceInfo"> </span>                              </p>                               <div class="divWCRS310_HG divWCRS310_ZonesStickerVignette">              </div>     <div class="divWCRS310_MG divWCRS310_ZonesStickerVignette divWCRS310_SansCorner ">                          <img src="https://fd7-photos.leclercdrive.fr/logohandler.ashx?logo=1&amp;mindim=33" alt="Marque rep&amp;#232;re">                          <img src="https://fd7-photos.leclercdrive.fr/PictoLabelQualite.ashx?id=10&amp;mindim=25&amp;v=2" alt="Fili&amp;#232;re qualit&amp;#233;" data-tooltip2="StickerTexte" data-idsticker="2" data-typesticker="QUALITE">           </div>     <div class="divWCRS310_BG divWCRS310_ZonesStickerVignette">                          <img src="https://fd7-photos.leclercdrive.fr/StickerAvisClient.ashx?id=159" alt="">              </div>     <div class="divWCRS310_TD divWCRS310_ZonesStickerVignette">              </div>     <div class="divWCRS310_HD divWCRS310_ZonesStickerVignette">              </div>     <div class="divWCRS310_BD divWCRS310_ZonesStickerVignette">                     <img src="https://fd7-photos.leclercdrive.fr/VisuelEchelle.ashx?Id=117&amp;mindim=46" alt="">              </div>     <div class="divWCRS310_BGH divWCRS310_ZonesStickerVignette">                          <img src="https://fd7-photos.leclercdrive.fr/image.ashx?id=1237707&amp;use=nsc&amp;cat=p&amp;typeid=i&amp;mindim=35" alt="Nutri Score" data-tooltip2="StickerTexte" data-idsticker="34" data-typesticker="NUTRISCORE">              </div>     <div class="divWCRS310_MM divWCRS310_ZonesStickerVignette">              </div>          </div>              <div class="divWCRS310_Outils solo">          <ul class="ulWCRS310_Outils">                  <li>         <a href="#" class="aWCRS310_Add2List" title="Ajouter à mes listes">Ajouter à mes listes<span>&nbsp;</span></a>     </li>           </ul>          <a class="spanWCRS310_Fleche" title="Voir plus de fonctionnalités" href="#">&nbsp;</a>      </div>                             <p class="pWCRS310_HomogeneSucces visible_false"></p>         <p class="pWCRS310_QteMinPanierAtteinte visible_false"></p>      </li>      <li class="liWCRS310_Product liWCRS310_Unavailable colonne1 ligne11" id="sId45" data-vignette="bientotDisponible">         <div class="divWCRS310_Content">             <img src="https://fd7-photos.leclercdrive.fr/image.ashx?id=1949978&amp;use=l&amp;cat=p&amp;typeid=i" alt="Raisins secs  Bio Village" width="165" height="165">             <p class="pWCRS310_Info">                 Bientôt disponible</p>       <p>                 <a href="#" class="aWCRS310_Substitute bouton bouton-substitution visible_true" data-track="37100">Produits similaires</a></p>              <div class="divWCRS310_PrixUnitaire visible_false">                 <p class="pWCRS310_PrixUnitairePartieEntiere">                     1                 </p>                 <p class="pWCRS310_SigleMonetaire">                    €                 </p>                 <p class="pWCRS310_PrixUnitairePartieDecimale">                     ,97                 </p>             </div>              <p class="pWCRS310_PrixUniteMesure visible_false">7,88 € / kg</p>             <p class="pWCRS310_Desc">                 <a class="aWCRS310_Product aWCRS310_ProductDisabled">                     Raisins secs  Bio Village<br>                     Moelleux - 250g                 </a>                                  </p>                  <div class="divWCRS310_HG divWCRS310_ZonesStickerVignette">              </div>     <div class="divWCRS310_MG divWCRS310_ZonesStickerVignette divWCRS310_SansCorner ">                          <img src="https://fd7-photos.leclercdrive.fr/logohandler.ashx?logo=1&amp;mindim=33" alt="Marque rep&amp;#232;re">                          <img src="https://fd7-photos.leclercdrive.fr/PictoLabelQualite.ashx?id=10&amp;mindim=25&amp;v=2" alt="Fili&amp;#232;re qualit&amp;#233;" data-tooltip2="StickerTexte" data-idsticker="2" data-typesticker="QUALITE">           </div>     <div class="divWCRS310_BG divWCRS310_ZonesStickerVignette">              </div>     <div class="divWCRS310_TD divWCRS310_ZonesStickerVignette">              </div>     <div class="divWCRS310_HD divWCRS310_ZonesStickerVignette">              </div>     <div class="divWCRS310_BD divWCRS310_ZonesStickerVignette">                     <img src="https://fd7-photos.leclercdrive.fr/VisuelEchelle.ashx?Id=117&amp;mindim=46" alt="">              </div>     <div class="divWCRS310_BGH divWCRS310_ZonesStickerVignette">              </div>     <div class="divWCRS310_MM divWCRS310_ZonesStickerVignette">              </div>          </div>                       <div class="divWCRS310_Outils solo">          <ul class="ulWCRS310_Outils">                  <li>         <a href="#" class="aWCRS310_Add2List" title="Ajouter à mes listes">Ajouter à mes listes<span>&nbsp;</span></a>     </li>           </ul>          <a class="spanWCRS310_Fleche" title="Voir plus de fonctionnalités" href="#">&nbsp;</a>      </div>               </li>      <li class="liWCRS310_Product      colonne2 ligne11" id="sId46" data-vignette="disponible">         <div class="divWCRS310_Bordure"></div>         <div class="divWCRS310_Content">             <a class="aWCRS310_Product">                 <img src="https://fd7-photos.leclercdrive.fr/image.ashx?id=1944141&amp;use=l&amp;cat=p&amp;typeid=i" alt="Abricots secs Bio Village" width="165" height="165">             </a>                                           <!-- Ajout du html concernant le plus un moins un ou A composer suivant le type du produit -->                  <div class="divWCRS310_Panier masquerPlusUnMoinsUnAfficherPanier">         <a id="sLibellePictoAjouterProduit" href="#" class="aWCRS310_Add" data-track-id="1">Ajouter Produit</a>         <div class="divWCRS310_BlocIncrementerDecrementer">             <a href="#minus" class="aWCRS310_Less" data-track-id="2">-</a> <span id="spanWCRS310Quantite" class="spanWCRS310_count">0</span>             <a href="#plus" class="aWCRS310_More" data-track-id="1">+</a>         </div>     </div>                          <div class="divWCRS310_PrixUnitaire">                 <p class="pWCRS310_PrixUnitairePartieEntiere">                     2                 </p>                 <p class="pWCRS310_SigleMonetaire">                    €                 </p>                 <p class="pWCRS310_PrixUnitairePartieDecimale">                     ,99                 </p>             </div>             <div>                              <p class="pWCRS310_PrixUniteMesure">                     11,96 € / kg                 </p>                          </div>                      <span class="spanWCRS310_Clear"></span>             <p class="pWCRS310_Desc">                 <a class="aWCRS310_Product">Abricots secs Bio Village<br>                     Moelleux - 250g                  </a>                                       <span class="spanWCRS310_ContenanceInfo"> </span>                              </p>                               <div class="divWCRS310_HG divWCRS310_ZonesStickerVignette">              </div>     <div class="divWCRS310_MG divWCRS310_ZonesStickerVignette divWCRS310_SansCorner ">                          <img src="https://fd7-photos.leclercdrive.fr/logohandler.ashx?logo=1&amp;mindim=33" alt="Marque rep&amp;#232;re">                          <img src="https://fd7-photos.leclercdrive.fr/PictoLabelQualite.ashx?id=10&amp;mindim=25&amp;v=2" alt="Fili&amp;#232;re qualit&amp;#233;" data-tooltip2="StickerTexte" data-idsticker="2" data-typesticker="QUALITE">           </div>     <div class="divWCRS310_BG divWCRS310_ZonesStickerVignette">                          <img src="https://fd7-photos.leclercdrive.fr/StickerAvisClient.ashx?id=160" alt="">              </div>     <div class="divWCRS310_TD divWCRS310_ZonesStickerVignette">              </div>     <div class="divWCRS310_HD divWCRS310_ZonesStickerVignette">              </div>     <div class="divWCRS310_BD divWCRS310_ZonesStickerVignette">                     <img src="https://fd7-photos.leclercdrive.fr/VisuelEchelle.ashx?Id=117&amp;mindim=46" alt="">              </div>     <div class="divWCRS310_BGH divWCRS310_ZonesStickerVignette">                          <img src="https://fd7-photos.leclercdrive.fr/image.ashx?id=1237706&amp;use=nsc&amp;cat=p&amp;typeid=i&amp;mindim=35" alt="Nutri Score" data-tooltip2="StickerTexte" data-idsticker="23" data-typesticker="NUTRISCORE">              </div>     <div class="divWCRS310_MM divWCRS310_ZonesStickerVignette">              </div>          </div>              <div class="divWCRS310_Outils solo">          <ul class="ulWCRS310_Outils">                  <li>         <a href="#" class="aWCRS310_Add2List" title="Ajouter à mes listes">Ajouter à mes listes<span>&nbsp;</span></a>     </li>           </ul>          <a class="spanWCRS310_Fleche" title="Voir plus de fonctionnalités" href="#">&nbsp;</a>      </div>                             <p class="pWCRS310_HomogeneSucces visible_false"></p>         <p class="pWCRS310_QteMinPanierAtteinte visible_false"></p>      </li>      <li class="liWCRS310_Product liWCRS310_Unavailable colonne3 ligne11" id="sId47" data-vignette="bientotDisponible">         <div class="divWCRS310_Content">             <img src="https://fd7-photos.leclercdrive.fr/image.ashx?id=2059113&amp;use=l&amp;cat=p&amp;typeid=i" alt="Graines de sésame Bio Village" width="165" height="165">             <p class="pWCRS310_Info">                 Bientôt disponible</p>       <p>                 <a href="#" class="aWCRS310_Substitute bouton bouton-substitution visible_false" data-track="37100">Produits similaires</a></p>              <div class="divWCRS310_PrixUnitaire visible_true">                 <p class="pWCRS310_PrixUnitairePartieEntiere">                     2                 </p>                 <p class="pWCRS310_SigleMonetaire">                    €                 </p>                 <p class="pWCRS310_PrixUnitairePartieDecimale">                     ,49                 </p>             </div>              <p class="pWCRS310_PrixUniteMesure visible_true">12,45 € / kg</p>             <p class="pWCRS310_Desc">                 <a class="aWCRS310_Product aWCRS310_ProductDisabled">                     Graines de sésame Bio Village<br>                     200g                 </a>                                  </p>                  <div class="divWCRS310_HG divWCRS310_ZonesStickerVignette">              </div>     <div class="divWCRS310_MG divWCRS310_ZonesStickerVignette divWCRS310_SansCorner ">                          <img src="https://fd7-photos.leclercdrive.fr/logohandler.ashx?logo=1&amp;mindim=33" alt="Marque rep&amp;#232;re">                          <img src="https://fd7-photos.leclercdrive.fr/PictoLabelQualite.ashx?id=10&amp;mindim=25&amp;v=2" alt="Fili&amp;#232;re qualit&amp;#233;" data-tooltip2="StickerTexte" data-idsticker="2" data-typesticker="QUALITE">           </div>     <div class="divWCRS310_BG divWCRS310_ZonesStickerVignette">              </div>     <div class="divWCRS310_TD divWCRS310_ZonesStickerVignette">              </div>     <div class="divWCRS310_HD divWCRS310_ZonesStickerVignette">              </div>     <div class="divWCRS310_BD divWCRS310_ZonesStickerVignette">                     <img src="https://fd7-photos.leclercdrive.fr/VisuelEchelle.ashx?Id=120&amp;mindim=46" alt="">              </div>     <div class="divWCRS310_BGH divWCRS310_ZonesStickerVignette">              </div>     <div class="divWCRS310_MM divWCRS310_ZonesStickerVignette">              </div>          </div>                       <div class="divWCRS310_Outils solo">          <ul class="ulWCRS310_Outils">                  <li>         <a href="#" class="aWCRS310_Add2List" title="Ajouter à mes listes">Ajouter à mes listes<span>&nbsp;</span></a>     </li>           </ul>          <a class="spanWCRS310_Fleche" title="Voir plus de fonctionnalités" href="#">&nbsp;</a>      </div>               </li>      <li class="liWCRS310_Product      colonne4 ligne11" id="sId48" data-vignette="disponible">         <div class="divWCRS310_Bordure"></div>         <div class="divWCRS310_Content">             <a class="aWCRS310_Product">                 <img src="https://fd7-photos.leclercdrive.fr/image.ashx?id=1943262&amp;use=l&amp;cat=p&amp;typeid=i" alt="Graines de lin brun Bio Village" width="165" height="165">             </a>                                           <!-- Ajout du html concernant le plus un moins un ou A composer suivant le type du produit -->                  <div class="divWCRS310_Panier masquerPlusUnMoinsUnAfficherPanier">         <a id="sLibellePictoAjouterProduit" href="#" class="aWCRS310_Add" data-track-id="1">Ajouter Produit</a>         <div class="divWCRS310_BlocIncrementerDecrementer">             <a href="#minus" class="aWCRS310_Less" data-track-id="2">-</a> <span id="spanWCRS310Quantite" class="spanWCRS310_count">0</span>             <a href="#plus" class="aWCRS310_More" data-track-id="1">+</a>         </div>     </div>                          <div class="divWCRS310_PrixUnitaire">                 <p class="pWCRS310_PrixUnitairePartieEntiere">                     2                 </p>                 <p class="pWCRS310_SigleMonetaire">                    €                 </p>                 <p class="pWCRS310_PrixUnitairePartieDecimale">                     ,25                 </p>             </div>             <div>                              <p class="pWCRS310_PrixUniteMesure">                     11,25 € / kg                 </p>                          </div>                      <span class="spanWCRS310_Clear"></span>             <p class="pWCRS310_Desc">                 <a class="aWCRS310_Product">Graines de lin brun Bio Village<br>                     200g                  </a>                                       <span class="spanWCRS310_ContenanceInfo"> </span>                              </p>                               <div class="divWCRS310_HG divWCRS310_ZonesStickerVignette">              </div>     <div class="divWCRS310_MG divWCRS310_ZonesStickerVignette divWCRS310_SansCorner ">                          <img src="https://fd7-photos.leclercdrive.fr/logohandler.ashx?logo=1&amp;mindim=33" alt="Marque rep&amp;#232;re">                          <img src="https://fd7-photos.leclercdrive.fr/PictoLabelQualite.ashx?id=10&amp;mindim=25&amp;v=2" alt="Fili&amp;#232;re qualit&amp;#233;" data-tooltip2="StickerTexte" data-idsticker="2" data-typesticker="QUALITE">           </div>     <div class="divWCRS310_BG divWCRS310_ZonesStickerVignette">                          <img src="https://fd7-photos.leclercdrive.fr/StickerAvisClient.ashx?id=162" alt="">              </div>     <div class="divWCRS310_TD divWCRS310_ZonesStickerVignette">              </div>     <div class="divWCRS310_HD divWCRS310_ZonesStickerVignette">              </div>     <div class="divWCRS310_BD divWCRS310_ZonesStickerVignette">                     <img src="https://fd7-photos.leclercdrive.fr/VisuelEchelle.ashx?Id=120&amp;mindim=46" alt="">              </div>     <div class="divWCRS310_BGH divWCRS310_ZonesStickerVignette">                          <img src="https://fd7-photos.leclercdrive.fr/image.ashx?id=1237707&amp;use=nsc&amp;cat=p&amp;typeid=i&amp;mindim=35" alt="Nutri Score" data-tooltip2="StickerTexte" data-idsticker="34" data-typesticker="NUTRISCORE">              </div>     <div class="divWCRS310_MM divWCRS310_ZonesStickerVignette">              </div>          </div>              <div class="divWCRS310_Outils solo">          <ul class="ulWCRS310_Outils">                  <li>         <a href="#" class="aWCRS310_Add2List" title="Ajouter à mes listes">Ajouter à mes listes<span>&nbsp;</span></a>     </li>           </ul>          <a class="spanWCRS310_Fleche" title="Voir plus de fonctionnalités" href="#">&nbsp;</a>      </div>                             <p class="pWCRS310_HomogeneSucces visible_false"></p>         <p class="pWCRS310_QteMinPanierAtteinte visible_false"></p>      </li>      <li class="liWCRS310_Product      colonne1 ligne12" id="sId49" data-vignette="disponible">         <div class="divWCRS310_Bordure"></div>         <div class="divWCRS310_Content">             <a class="aWCRS310_Product">                 <img src="https://fd7-photos.leclercdrive.fr/image.ashx?id=2043047&amp;use=l&amp;cat=p&amp;typeid=i" alt="Graines de courge Bio Village" width="165" height="165">             </a>                                           <!-- Ajout du html concernant le plus un moins un ou A composer suivant le type du produit -->                  <div class="divWCRS310_Panier masquerPlusUnMoinsUnAfficherPanier">         <a id="sLibellePictoAjouterProduit" href="#" class="aWCRS310_Add" data-track-id="1">Ajouter Produit</a>         <div class="divWCRS310_BlocIncrementerDecrementer">             <a href="#minus" class="aWCRS310_Less" data-track-id="2">-</a> <span id="spanWCRS310Quantite" class="spanWCRS310_count">0</span>             <a href="#plus" class="aWCRS310_More" data-track-id="1">+</a>         </div>     </div>                          <div class="divWCRS310_PrixUnitaire">                 <p class="pWCRS310_PrixUnitairePartieEntiere">                     3                 </p>                 <p class="pWCRS310_SigleMonetaire">                    €                 </p>                 <p class="pWCRS310_PrixUnitairePartieDecimale">                     ,57                 </p>             </div>             <div>                              <p class="pWCRS310_PrixUniteMesure">                     17,85 € / kg                 </p>                          </div>                      <span class="spanWCRS310_Clear"></span>             <p class="pWCRS310_Desc">                 <a class="aWCRS310_Product">Graines de courge Bio Village<br>                     200g                  </a>                                       <span class="spanWCRS310_ContenanceInfo"> </span>                              </p>                               <div class="divWCRS310_HG divWCRS310_ZonesStickerVignette">              </div>     <div class="divWCRS310_MG divWCRS310_ZonesStickerVignette divWCRS310_SansCorner ">                          <img src="https://fd7-photos.leclercdrive.fr/logohandler.ashx?logo=1&amp;mindim=33" alt="Marque rep&amp;#232;re">                          <img src="https://fd7-photos.leclercdrive.fr/PictoLabelQualite.ashx?id=10&amp;mindim=25&amp;v=2" alt="Fili&amp;#232;re qualit&amp;#233;" data-tooltip2="StickerTexte" data-idsticker="2" data-typesticker="QUALITE">           </div>     <div class="divWCRS310_BG divWCRS310_ZonesStickerVignette">                          <img src="https://fd7-photos.leclercdrive.fr/StickerAvisClient.ashx?id=162" alt="">              </div>     <div class="divWCRS310_TD divWCRS310_ZonesStickerVignette">              </div>     <div class="divWCRS310_HD divWCRS310_ZonesStickerVignette">              </div>     <div class="divWCRS310_BD divWCRS310_ZonesStickerVignette">                     <img src="https://fd7-photos.leclercdrive.fr/VisuelEchelle.ashx?Id=120&amp;mindim=46" alt="">              </div>     <div class="divWCRS310_BGH divWCRS310_ZonesStickerVignette">                          <img src="https://fd7-photos.leclercdrive.fr/image.ashx?id=1237708&amp;use=nsc&amp;cat=p&amp;typeid=i&amp;mindim=35" alt="Nutri Score" data-tooltip2="StickerTexte" data-idsticker="35" data-typesticker="NUTRISCORE">              </div>     <div class="divWCRS310_MM divWCRS310_ZonesStickerVignette">              </div>          </div>              <div class="divWCRS310_Outils solo">          <ul class="ulWCRS310_Outils">                  <li>         <a href="#" class="aWCRS310_Add2List" title="Ajouter à mes listes">Ajouter à mes listes<span>&nbsp;</span></a>     </li>           </ul>          <a class="spanWCRS310_Fleche" title="Voir plus de fonctionnalités" href="#">&nbsp;</a>      </div>                             <p class="pWCRS310_HomogeneSucces visible_false"></p>         <p class="pWCRS310_QteMinPanierAtteinte visible_false"></p>      </li>      <li class="liWCRS310_Product      colonne2 ligne12" id="sId50" data-vignette="disponible">         <div class="divWCRS310_Bordure"></div>         <div class="divWCRS310_Content">             <a class="aWCRS310_Product">                 <img src="https://fd7-photos.leclercdrive.fr/image.ashx?id=2472288&amp;use=l&amp;cat=p&amp;typeid=i" alt="Marrons Bio Allaire" width="165" height="165">             </a>                                           <!-- Ajout du html concernant le plus un moins un ou A composer suivant le type du produit -->                  <div class="divWCRS310_Panier masquerPlusUnMoinsUnAfficherPanier">         <a id="sLibellePictoAjouterProduit" href="#" class="aWCRS310_Add" data-track-id="1">Ajouter Produit</a>         <div class="divWCRS310_BlocIncrementerDecrementer">             <a href="#minus" class="aWCRS310_Less" data-track-id="2">-</a> <span id="spanWCRS310Quantite" class="spanWCRS310_count">0</span>             <a href="#plus" class="aWCRS310_More" data-track-id="1">+</a>         </div>     </div>                          <div class="divWCRS310_PrixUnitaire">                 <p class="pWCRS310_PrixUnitairePartieEntiere">                     2                 </p>                 <p class="pWCRS310_SigleMonetaire">                    €                 </p>                 <p class="pWCRS310_PrixUnitairePartieDecimale">                     ,99                 </p>             </div>             <div>                              <p class="pWCRS310_PrixUniteMesure">                     14,95 € / kg                 </p>                          </div>                      <span class="spanWCRS310_Clear"></span>             <p class="pWCRS310_Desc">                 <a class="aWCRS310_Product">Marrons Bio Allaire<br>                     200g                  </a>                                       <span class="spanWCRS310_ContenanceInfo"> </span>                              </p>                               <div class="divWCRS310_HG divWCRS310_ZonesStickerVignette">              </div>     <div class="divWCRS310_MG divWCRS310_ZonesStickerVignette divWCRS310_SansCorner ">                          <img src="https://fd7-photos.leclercdrive.fr/PictoLabelQualite.ashx?id=10&amp;mindim=25&amp;v=2" alt="Fili&amp;#232;re qualit&amp;#233;" data-tooltip2="StickerTexte" data-idsticker="2" data-typesticker="QUALITE">           </div>     <div class="divWCRS310_BG divWCRS310_ZonesStickerVignette">              </div>     <div class="divWCRS310_TD divWCRS310_ZonesStickerVignette">              </div>     <div class="divWCRS310_HD divWCRS310_ZonesStickerVignette">              </div>     <div class="divWCRS310_BD divWCRS310_ZonesStickerVignette">                              <img src="https://fd7-photos.leclercdrive.fr/logohandler.ashx?logo=100&amp;mindim=25" alt="Fra&amp;#238;cheur">                     <img src="https://fd7-photos.leclercdrive.fr/VisuelEchelle.ashx?Id=120&amp;mindim=46" alt="">              </div>     <div class="divWCRS310_BGH divWCRS310_ZonesStickerVignette">                          <img src="https://fd7-photos.leclercdrive.fr/image.ashx?id=1237706&amp;use=nsc&amp;cat=p&amp;typeid=i&amp;mindim=35" alt="Nutri Score" data-tooltip2="StickerTexte" data-idsticker="23" data-typesticker="NUTRISCORE">              </div>     <div class="divWCRS310_MM divWCRS310_ZonesStickerVignette">              </div>          </div>              <div class="divWCRS310_Outils solo">          <ul class="ulWCRS310_Outils">                  <li>         <a href="#" class="aWCRS310_Add2List" title="Ajouter à mes listes">Ajouter à mes listes<span>&nbsp;</span></a>     </li>           </ul>          <a class="spanWCRS310_Fleche" title="Voir plus de fonctionnalités" href="#">&nbsp;</a>      </div>                             <p class="pWCRS310_HomogeneSucces visible_false"></p>         <p class="pWCRS310_QteMinPanierAtteinte visible_false"></p>      </li>      <li class="liWCRS310_Product liWCRS310_Unavailable colonne3 ligne12" id="sId51" data-vignette="bientotDisponible">         <div class="divWCRS310_Content">             <img src="https://fd7-photos.leclercdrive.fr/image.ashx?id=2400082&amp;use=l&amp;cat=p&amp;typeid=i" alt="Pomme rustique Bio Village" width="165" height="165">             <p class="pWCRS310_Info">                 Bientôt disponible</p>       <p>                 <a href="#" class="aWCRS310_Substitute bouton bouton-substitution visible_false" data-track="37100">Produits similaires</a></p>              <div class="divWCRS310_PrixUnitaire visible_true">                 <p class="pWCRS310_PrixUnitairePartieEntiere">                     2                 </p>                 <p class="pWCRS310_SigleMonetaire">                    €                 </p>                 <p class="pWCRS310_PrixUnitairePartieDecimale">                     ,69                 </p>             </div>              <p class="pWCRS310_PrixUniteMesure visible_true">0,67 € / p</p>             <p class="pWCRS310_Desc">                 <a class="aWCRS310_Product aWCRS310_ProductDisabled">                     Pomme rustique Bio Village<br>                     x4                 </a>                                          <span class="spanWCRS310_Origine" data-tooltip="Origine">FRANCE</span>                              </p>                  <div class="divWCRS310_HG divWCRS310_ZonesStickerVignette">              </div>     <div class="divWCRS310_MG divWCRS310_ZonesStickerVignette divWCRS310_SansCorner ">                          <img src="https://fd7-photos.leclercdrive.fr/logohandler.ashx?logo=1&amp;mindim=33" alt="Marque rep&amp;#232;re">                          <img src="https://fd7-photos.leclercdrive.fr/PictoLabelQualite.ashx?id=10&amp;mindim=25&amp;v=2" alt="Fili&amp;#232;re qualit&amp;#233;" data-tooltip2="StickerTexte" data-idsticker="2" data-typesticker="QUALITE">           </div>     <div class="divWCRS310_BG divWCRS310_ZonesStickerVignette">              </div>     <div class="divWCRS310_TD divWCRS310_ZonesStickerVignette">              </div>     <div class="divWCRS310_HD divWCRS310_ZonesStickerVignette">              </div>     <div class="divWCRS310_BD divWCRS310_ZonesStickerVignette">                     <img src="https://fd7-photos.leclercdrive.fr/VisuelEchelle.ashx?Id=665&amp;mindim=46" alt="">              </div>     <div class="divWCRS310_BGH divWCRS310_ZonesStickerVignette">              </div>     <div class="divWCRS310_MM divWCRS310_ZonesStickerVignette">              </div>          </div>                       <div class="divWCRS310_Outils solo">          <ul class="ulWCRS310_Outils">                  <li>         <a href="#" class="aWCRS310_Add2List" title="Ajouter à mes listes">Ajouter à mes listes<span>&nbsp;</span></a>     </li>           </ul>          <a class="spanWCRS310_Fleche" title="Voir plus de fonctionnalités" href="#">&nbsp;</a>      </div>               </li>      <li class="liWCRS310_Product      colonne4 ligne12" id="sId52" data-vignette="disponible">         <div class="divWCRS310_Bordure"></div>         <div class="divWCRS310_Content">             <a class="aWCRS310_Product">                 <img src="https://fd7-photos.leclercdrive.fr/image.ashx?id=2291423&amp;use=l&amp;cat=p&amp;typeid=i" alt="Saumon fumé Bio Village" width="165" height="165">             </a>                                           <!-- Ajout du html concernant le plus un moins un ou A composer suivant le type du produit -->                  <div class="divWCRS310_Panier masquerPlusUnMoinsUnAfficherPanier">         <a id="sLibellePictoAjouterProduit" href="#" class="aWCRS310_Add" data-track-id="1">Ajouter Produit</a>         <div class="divWCRS310_BlocIncrementerDecrementer">             <a href="#minus" class="aWCRS310_Less" data-track-id="2">-</a> <span id="spanWCRS310Quantite" class="spanWCRS310_count">0</span>             <a href="#plus" class="aWCRS310_More" data-track-id="1">+</a>         </div>     </div>                          <div class="divWCRS310_PrixUnitaire">                 <p class="pWCRS310_PrixUnitairePartieEntiere">                     3                 </p>                 <p class="pWCRS310_SigleMonetaire">                    €                 </p>                 <p class="pWCRS310_PrixUnitairePartieDecimale">                     ,33                 </p>             </div>             <div>                              <p class="pWCRS310_PrixUniteMesure">                     51,23 € / kg                 </p>                          </div>                      <span class="spanWCRS310_Clear"></span>             <p class="pWCRS310_Desc">                 <a class="aWCRS310_Product">Saumon fumé Bio Village<br>                     Atlantique - 2 tranches - 65g                  </a>                                       <span class="spanWCRS310_ContenanceInfo"> </span>                              </p>                               <div class="divWCRS310_HG divWCRS310_ZonesStickerVignette">              </div>     <div class="divWCRS310_MG divWCRS310_ZonesStickerVignette divWCRS310_SansCorner ">                          <img src="https://fd7-photos.leclercdrive.fr/logohandler.ashx?logo=1&amp;mindim=33" alt="Marque rep&amp;#232;re">                          <img src="https://fd7-photos.leclercdrive.fr/PictoLabelQualite.ashx?id=10&amp;mindim=25&amp;v=2" alt="Fili&amp;#232;re qualit&amp;#233;" data-tooltip2="StickerTexte" data-idsticker="2" data-typesticker="QUALITE">           </div>     <div class="divWCRS310_BG divWCRS310_ZonesStickerVignette">                          <img src="https://fd7-photos.leclercdrive.fr/StickerAvisClient.ashx?id=163" alt="">              </div>     <div class="divWCRS310_TD divWCRS310_ZonesStickerVignette">              </div>     <div class="divWCRS310_HD divWCRS310_ZonesStickerVignette">              </div>     <div class="divWCRS310_BD divWCRS310_ZonesStickerVignette">                              <img src="https://fd7-photos.leclercdrive.fr/logohandler.ashx?logo=100&amp;mindim=25" alt="Fra&amp;#238;cheur">                     <img src="https://fd7-photos.leclercdrive.fr/VisuelEchelle.ashx?Id=1617&amp;mindim=46" alt="">              </div>     <div class="divWCRS310_BGH divWCRS310_ZonesStickerVignette">                          <img src="https://fd7-photos.leclercdrive.fr/image.ashx?id=1237709&amp;use=nsc&amp;cat=p&amp;typeid=i&amp;mindim=35" alt="Nutri Score" data-tooltip2="StickerTexte" data-idsticker="36" data-typesticker="NUTRISCORE">              </div>     <div class="divWCRS310_MM divWCRS310_ZonesStickerVignette">              </div>          </div>              <div class="divWCRS310_Outils solo">          <ul class="ulWCRS310_Outils">                  <li>         <a href="#" class="aWCRS310_Add2List" title="Ajouter à mes listes">Ajouter à mes listes<span>&nbsp;</span></a>     </li>           </ul>          <a class="spanWCRS310_Fleche" title="Voir plus de fonctionnalités" href="#">&nbsp;</a>      </div>                             <p class="pWCRS310_HomogeneSucces visible_false"></p>         <p class="pWCRS310_QteMinPanierAtteinte visible_false"></p>      </li>      <li class="liWCRS310_Product      colonne1 ligne13" id="sId53" data-vignette="disponible">         <div class="divWCRS310_Bordure"></div>         <div class="divWCRS310_Content">             <a class="aWCRS310_Product">                 <img src="https://fd7-photos.leclercdrive.fr/image.ashx?id=2374606&amp;use=l&amp;cat=p&amp;typeid=i" alt="Saumon fumé Bio Village" width="165" height="165">             </a>                                           <!-- Ajout du html concernant le plus un moins un ou A composer suivant le type du produit -->                  <div class="divWCRS310_Panier masquerPlusUnMoinsUnAfficherPanier">         <a id="sLibellePictoAjouterProduit" href="#" class="aWCRS310_Add" data-track-id="1">Ajouter Produit</a>         <div class="divWCRS310_BlocIncrementerDecrementer">             <a href="#minus" class="aWCRS310_Less" data-track-id="2">-</a> <span id="spanWCRS310Quantite" class="spanWCRS310_count">0</span>             <a href="#plus" class="aWCRS310_More" data-track-id="1">+</a>         </div>     </div>                          <div class="divWCRS310_PrixUnitaire">                 <p class="pWCRS310_PrixUnitairePartieEntiere">                     5                 </p>                 <p class="pWCRS310_SigleMonetaire">                    €                 </p>                 <p class="pWCRS310_PrixUnitairePartieDecimale">                     ,38                 </p>             </div>             <div>                              <p class="pWCRS310_PrixUniteMesure">                     44,83 € / kg                 </p>                          </div>                      <span class="spanWCRS310_Clear"></span>             <p class="pWCRS310_Desc">                 <a class="aWCRS310_Product">Saumon fumé Bio Village<br>                     Atlantique 4 tranches - 120g                  </a>                                       <span class="spanWCRS310_ContenanceInfo"> </span>                              </p>                               <div class="divWCRS310_HG divWCRS310_ZonesStickerVignette">              </div>     <div class="divWCRS310_MG divWCRS310_ZonesStickerVignette divWCRS310_SansCorner ">                          <img src="https://fd7-photos.leclercdrive.fr/logohandler.ashx?logo=1&amp;mindim=33" alt="Marque rep&amp;#232;re">                          <img src="https://fd7-photos.leclercdrive.fr/PictoLabelQualite.ashx?id=10&amp;mindim=25&amp;v=2" alt="Fili&amp;#232;re qualit&amp;#233;" data-tooltip2="StickerTexte" data-idsticker="2" data-typesticker="QUALITE">           </div>     <div class="divWCRS310_BG divWCRS310_ZonesStickerVignette">                          <img src="https://fd7-photos.leclercdrive.fr/StickerAvisClient.ashx?id=161" alt="">              </div>     <div class="divWCRS310_TD divWCRS310_ZonesStickerVignette">              </div>     <div class="divWCRS310_HD divWCRS310_ZonesStickerVignette">              </div>     <div class="divWCRS310_BD divWCRS310_ZonesStickerVignette">                              <img src="https://fd7-photos.leclercdrive.fr/logohandler.ashx?logo=100&amp;mindim=25" alt="Fra&amp;#238;cheur">                     <img src="https://fd7-photos.leclercdrive.fr/VisuelEchelle.ashx?Id=910&amp;mindim=46" alt="">              </div>     <div class="divWCRS310_BGH divWCRS310_ZonesStickerVignette">                          <img src="https://fd7-photos.leclercdrive.fr/image.ashx?id=1237709&amp;use=nsc&amp;cat=p&amp;typeid=i&amp;mindim=35" alt="Nutri Score" data-tooltip2="StickerTexte" data-idsticker="36" data-typesticker="NUTRISCORE">              </div>     <div class="divWCRS310_MM divWCRS310_ZonesStickerVignette">              </div>          </div>              <div class="divWCRS310_Outils solo">          <ul class="ulWCRS310_Outils">                  <li>         <a href="#" class="aWCRS310_Add2List" title="Ajouter à mes listes">Ajouter à mes listes<span>&nbsp;</span></a>     </li>           </ul>          <a class="spanWCRS310_Fleche" title="Voir plus de fonctionnalités" href="#">&nbsp;</a>      </div>                             <p class="pWCRS310_HomogeneSucces visible_false"></p>         <p class="pWCRS310_QteMinPanierAtteinte visible_false"></p>      </li>      <li class="liWCRS310_Product liWCRS310_Unavailable colonne2 ligne13" id="sId54" data-vignette="bientotDisponible">         <div class="divWCRS310_Content">             <img src="https://fd7-photos.leclercdrive.fr/image.ashx?id=2470671&amp;use=l&amp;cat=p&amp;typeid=i" alt="Steak haché Bio Village" width="165" height="165">             <p class="pWCRS310_Info">                 Bientôt disponible</p>       <p>                 <a href="#" class="aWCRS310_Substitute bouton bouton-substitution visible_true" data-track="37100">Produits similaires</a></p>              <div class="divWCRS310_PrixUnitaire visible_false">                 <p class="pWCRS310_PrixUnitairePartieEntiere">                     4                 </p>                 <p class="pWCRS310_SigleMonetaire">                    €                 </p>                 <p class="pWCRS310_PrixUnitairePartieDecimale">                     ,49                 </p>             </div>              <p class="pWCRS310_PrixUniteMesure visible_false">22,45 € / kg</p>             <p class="pWCRS310_Desc">                 <a class="aWCRS310_Product aWCRS310_ProductDisabled">                     Steak haché Bio Village<br>                     5%mg - 2x100g                 </a>                                  </p>                  <div class="divWCRS310_HG divWCRS310_ZonesStickerVignette">              </div>     <div class="divWCRS310_MG divWCRS310_ZonesStickerVignette divWCRS310_SansCorner ">                          <img src="https://fd7-photos.leclercdrive.fr/logohandler.ashx?logo=1&amp;mindim=33" alt="Marque rep&amp;#232;re">                          <img src="https://fd7-photos.leclercdrive.fr/PictoLabelQualite.ashx?id=10&amp;mindim=25&amp;v=2" alt="Fili&amp;#232;re qualit&amp;#233;" data-tooltip2="StickerTexte" data-idsticker="2" data-typesticker="QUALITE">           </div>     <div class="divWCRS310_BG divWCRS310_ZonesStickerVignette">              </div>     <div class="divWCRS310_TD divWCRS310_ZonesStickerVignette">              </div>     <div class="divWCRS310_HD divWCRS310_ZonesStickerVignette">              </div>     <div class="divWCRS310_BD divWCRS310_ZonesStickerVignette">                              <img src="https://fd7-photos.leclercdrive.fr/logohandler.ashx?logo=100&amp;mindim=25" alt="Fra&amp;#238;cheur">                     <img src="https://fd7-photos.leclercdrive.fr/VisuelEchelle.ashx?Id=127&amp;mindim=46" alt="">              </div>     <div class="divWCRS310_BGH divWCRS310_ZonesStickerVignette">              </div>     <div class="divWCRS310_MM divWCRS310_ZonesStickerVignette">              </div>          </div>                       <div class="divWCRS310_Outils solo">          <ul class="ulWCRS310_Outils">                  <li>         <a href="#" class="aWCRS310_Add2List" title="Ajouter à mes listes">Ajouter à mes listes<span>&nbsp;</span></a>     </li>           </ul>          <a class="spanWCRS310_Fleche" title="Voir plus de fonctionnalités" href="#">&nbsp;</a>      </div>               </li>      <li class="liWCRS310_Product liWCRS310_Unavailable colonne3 ligne13" id="sId55" data-vignette="bientotDisponible">         <div class="divWCRS310_Content">             <img src="https://fd7-photos.leclercdrive.fr/image.ashx?id=2241441&amp;use=l&amp;cat=p&amp;typeid=i" alt="Steak haché 5%mg Bio Village" width="165" height="165">             <p class="pWCRS310_Info">                 Bientôt disponible</p>       <p>                 <a href="#" class="aWCRS310_Substitute bouton bouton-substitution visible_true" data-track="37100">Produits similaires</a></p>              <div class="divWCRS310_PrixUnitaire visible_false">                 <p class="pWCRS310_PrixUnitairePartieEntiere">                     5                 </p>                 <p class="pWCRS310_SigleMonetaire">                    €                 </p>                 <p class="pWCRS310_PrixUnitairePartieDecimale">                     ,59                 </p>             </div>              <p class="pWCRS310_PrixUniteMesure visible_false">22,36 € / kg</p>             <p class="pWCRS310_Desc">                 <a class="aWCRS310_Product aWCRS310_ProductDisabled">                     Steak haché 5%mg Bio Village<br>                     façon bouchère - 2X125g                  </a>                                  </p>                  <div class="divWCRS310_HG divWCRS310_ZonesStickerVignette">              </div>     <div class="divWCRS310_MG divWCRS310_ZonesStickerVignette divWCRS310_SansCorner ">                          <img src="https://fd7-photos.leclercdrive.fr/logohandler.ashx?logo=1&amp;mindim=33" alt="Marque rep&amp;#232;re">                          <img src="https://fd7-photos.leclercdrive.fr/PictoLabelQualite.ashx?id=10&amp;mindim=25&amp;v=2" alt="Fili&amp;#232;re qualit&amp;#233;" data-tooltip2="StickerTexte" data-idsticker="2" data-typesticker="QUALITE">           </div>     <div class="divWCRS310_BG divWCRS310_ZonesStickerVignette">              </div>     <div class="divWCRS310_TD divWCRS310_ZonesStickerVignette">              </div>     <div class="divWCRS310_HD divWCRS310_ZonesStickerVignette">              </div>     <div class="divWCRS310_BD divWCRS310_ZonesStickerVignette">                              <img src="https://fd7-photos.leclercdrive.fr/logohandler.ashx?logo=100&amp;mindim=25" alt="Fra&amp;#238;cheur">                     <img src="https://fd7-photos.leclercdrive.fr/VisuelEchelle.ashx?Id=509&amp;mindim=46" alt="">              </div>     <div class="divWCRS310_BGH divWCRS310_ZonesStickerVignette">              </div>     <div class="divWCRS310_MM divWCRS310_ZonesStickerVignette">              </div>          </div>                       <div class="divWCRS310_Outils solo">          <ul class="ulWCRS310_Outils">                  <li>         <a href="#" class="aWCRS310_Add2List" title="Ajouter à mes listes">Ajouter à mes listes<span>&nbsp;</span></a>     </li>           </ul>          <a class="spanWCRS310_Fleche" title="Voir plus de fonctionnalités" href="#">&nbsp;</a>      </div>               </li>      <li class="liWCRS310_Product      colonne4 ligne13" id="sId56" data-vignette="disponible">         <div class="divWCRS310_Bordure"></div>         <div class="divWCRS310_Content">             <a class="aWCRS310_Product">                 <img src="https://fd7-photos.leclercdrive.fr/image.ashx?id=2464744&amp;use=l&amp;cat=p&amp;typeid=i" alt="Cordon bleu Nature de France " width="165" height="165">             </a>                                           <!-- Ajout du html concernant le plus un moins un ou A composer suivant le type du produit -->                  <div class="divWCRS310_Panier masquerPlusUnMoinsUnAfficherPanier">         <a id="sLibellePictoAjouterProduit" href="#" class="aWCRS310_Add" data-track-id="1">Ajouter Produit</a>         <div class="divWCRS310_BlocIncrementerDecrementer">             <a href="#minus" class="aWCRS310_Less" data-track-id="2">-</a> <span id="spanWCRS310Quantite" class="spanWCRS310_count">0</span>             <a href="#plus" class="aWCRS310_More" data-track-id="1">+</a>         </div>     </div>                          <div class="divWCRS310_PrixUnitaire">                 <p class="pWCRS310_PrixUnitairePartieEntiere">                     5                 </p>                 <p class="pWCRS310_SigleMonetaire">                    €                 </p>                 <p class="pWCRS310_PrixUnitairePartieDecimale">                     ,49                 </p>             </div>             <div>                              <p class="pWCRS310_PrixUniteMesure">                     27,45 € / kg                 </p>                          </div>                      <span class="spanWCRS310_Clear"></span>             <p class="pWCRS310_Desc">                 <a class="aWCRS310_Product">Cordon bleu Nature de France <br>                     Emmental Bio - 200g                  </a>                                       <span class="spanWCRS310_ContenanceInfo"> </span>                              </p>                               <div class="divWCRS310_HG divWCRS310_ZonesStickerVignette">              </div>     <div class="divWCRS310_MG divWCRS310_ZonesStickerVignette divWCRS310_SansCorner ">                          <img src="https://fd7-photos.leclercdrive.fr/PictoLabelQualite.ashx?id=10&amp;mindim=25&amp;v=2" alt="Fili&amp;#232;re qualit&amp;#233;" data-tooltip2="StickerTexte" data-idsticker="2" data-typesticker="QUALITE">           </div>     <div class="divWCRS310_BG divWCRS310_ZonesStickerVignette">                          <img src="https://fd7-photos.leclercdrive.fr/StickerAvisClient.ashx?id=158" alt="">              </div>     <div class="divWCRS310_TD divWCRS310_ZonesStickerVignette">              </div>     <div class="divWCRS310_HD divWCRS310_ZonesStickerVignette">              </div>     <div class="divWCRS310_BD divWCRS310_ZonesStickerVignette">                              <img src="https://fd7-photos.leclercdrive.fr/logohandler.ashx?logo=100&amp;mindim=25" alt="Fra&amp;#238;cheur">                     <img src="https://fd7-photos.leclercdrive.fr/VisuelEchelle.ashx?Id=120&amp;mindim=46" alt="">              </div>     <div class="divWCRS310_BGH divWCRS310_ZonesStickerVignette">                          <img src="https://fd7-photos.leclercdrive.fr/image.ashx?id=1237707&amp;use=nsc&amp;cat=p&amp;typeid=i&amp;mindim=35" alt="Nutri Score" data-tooltip2="StickerTexte" data-idsticker="34" data-typesticker="NUTRISCORE">              </div>     <div class="divWCRS310_MM divWCRS310_ZonesStickerVignette">              </div>          </div>              <div class="divWCRS310_Outils solo">          <ul class="ulWCRS310_Outils">                  <li>         <a href="#" class="aWCRS310_Add2List" title="Ajouter à mes listes">Ajouter à mes listes<span>&nbsp;</span></a>     </li>           </ul>          <a class="spanWCRS310_Fleche" title="Voir plus de fonctionnalités" href="#">&nbsp;</a>      </div>                             <p class="pWCRS310_HomogeneSucces visible_false"></p>         <p class="pWCRS310_QteMinPanierAtteinte visible_false"></p>      </li>      <li class="liWCRS310_Product liWCRS310_Unavailable colonne1 ligne14" id="sId57" data-vignette="bientotDisponible">         <div class="divWCRS310_Content">             <img src="https://fd7-photos.leclercdrive.fr/image.ashx?id=2464741&amp;use=l&amp;cat=p&amp;typeid=i" alt="Nuggets poulet Nature de France" width="165" height="165">             <p class="pWCRS310_Info">                 Bientôt disponible</p>       <p>                 <a href="#" class="aWCRS310_Substitute bouton bouton-substitution visible_true" data-track="37100">Produits similaires</a></p>              <div class="divWCRS310_PrixUnitaire visible_false">                 <p class="pWCRS310_PrixUnitairePartieEntiere">                     4                 </p>                 <p class="pWCRS310_SigleMonetaire">                    €                 </p>                 <p class="pWCRS310_PrixUnitairePartieDecimale">                     ,99                 </p>             </div>              <p class="pWCRS310_PrixUniteMesure visible_false">24,95 € / kg</p>             <p class="pWCRS310_Desc">                 <a class="aWCRS310_Product aWCRS310_ProductDisabled">                     Nuggets poulet Nature de France<br>                     Bio - 200g                 </a>                                  </p>                  <div class="divWCRS310_HG divWCRS310_ZonesStickerVignette">              </div>     <div class="divWCRS310_MG divWCRS310_ZonesStickerVignette divWCRS310_SansCorner ">                          <img src="https://fd7-photos.leclercdrive.fr/PictoLabelQualite.ashx?id=10&amp;mindim=25&amp;v=2" alt="Fili&amp;#232;re qualit&amp;#233;" data-tooltip2="StickerTexte" data-idsticker="2" data-typesticker="QUALITE">           </div>     <div class="divWCRS310_BG divWCRS310_ZonesStickerVignette">              </div>     <div class="divWCRS310_TD divWCRS310_ZonesStickerVignette">              </div>     <div class="divWCRS310_HD divWCRS310_ZonesStickerVignette">              </div>     <div class="divWCRS310_BD divWCRS310_ZonesStickerVignette">                              <img src="https://fd7-photos.leclercdrive.fr/logohandler.ashx?logo=100&amp;mindim=25" alt="Fra&amp;#238;cheur">                     <img src="https://fd7-photos.leclercdrive.fr/VisuelEchelle.ashx?Id=120&amp;mindim=46" alt="">              </div>     <div class="divWCRS310_BGH divWCRS310_ZonesStickerVignette">              </div>     <div class="divWCRS310_MM divWCRS310_ZonesStickerVignette">              </div>          </div>                       <div class="divWCRS310_Outils solo">          <ul class="ulWCRS310_Outils">                  <li>         <a href="#" class="aWCRS310_Add2List" title="Ajouter à mes listes">Ajouter à mes listes<span>&nbsp;</span></a>     </li>           </ul>          <a class="spanWCRS310_Fleche" title="Voir plus de fonctionnalités" href="#">&nbsp;</a>      </div>               </li>      <li class="liWCRS310_Product      colonne2 ligne14" id="sId58" data-vignette="disponible">         <div class="divWCRS310_Bordure"></div>         <div class="divWCRS310_Content">             <a class="aWCRS310_Product">                 <img src="https://fd7-photos.leclercdrive.fr/image.ashx?id=2376527&amp;use=l&amp;cat=p&amp;typeid=i" alt="Blanc de poulet Fleury Michon" width="165" height="165">             </a>                                           <!-- Ajout du html concernant le plus un moins un ou A composer suivant le type du produit -->                  <div class="divWCRS310_Panier masquerPlusUnMoinsUnAfficherPanier">         <a id="sLibellePictoAjouterProduit" href="#" class="aWCRS310_Add" data-track-id="1">Ajouter Produit</a>         <div class="divWCRS310_BlocIncrementerDecrementer">             <a href="#minus" class="aWCRS310_Less" data-track-id="2">-</a> <span id="spanWCRS310Quantite" class="spanWCRS310_count">0</span>             <a href="#plus" class="aWCRS310_More" data-track-id="1">+</a>         </div>     </div>                          <div class="divWCRS310_PrixUnitaire">                 <p class="pWCRS310_PrixUnitairePartieEntiere">                     5                 </p>                 <p class="pWCRS310_SigleMonetaire">                    €                 </p>                 <p class="pWCRS310_PrixUnitairePartieDecimale">                     ,15                 </p>             </div>             <div>                              <p class="pWCRS310_PrixUniteMesure">                     42,92 € / kg                 </p>                          </div>                      <span class="spanWCRS310_Clear"></span>             <p class="pWCRS310_Desc">                 <a class="aWCRS310_Product">Blanc de poulet Fleury Michon<br>                     Bio x4 - 120g                  </a>                                       <span class="spanWCRS310_ContenanceInfo"> </span>                              </p>                               <div class="divWCRS310_HG divWCRS310_ZonesStickerVignette">              </div>     <div class="divWCRS310_MG divWCRS310_ZonesStickerVignette divWCRS310_SansCorner ">                          <img src="https://fd7-photos.leclercdrive.fr/PictoLabelQualite.ashx?id=10&amp;mindim=25&amp;v=2" alt="Fili&amp;#232;re qualit&amp;#233;" data-tooltip2="StickerTexte" data-idsticker="2" data-typesticker="QUALITE">           </div>     <div class="divWCRS310_BG divWCRS310_ZonesStickerVignette">                          <img src="https://fd7-photos.leclercdrive.fr/StickerAvisClient.ashx?id=163" alt="">              </div>     <div class="divWCRS310_TD divWCRS310_ZonesStickerVignette">              </div>     <div class="divWCRS310_HD divWCRS310_ZonesStickerVignette">                          <img class="" src="https://fd7-photos.leclercdrive.fr/StickerPromo.ashx?type=100&amp;val=10.00&amp;unit=1&amp;mindim=41&amp;v=2" alt="Tel" data-tooltip2="StickerTexte" data-idsticker="41" data-typesticker="TEL">              </div>     <div class="divWCRS310_BD divWCRS310_ZonesStickerVignette">                              <img src="https://fd7-photos.leclercdrive.fr/logohandler.ashx?logo=100&amp;mindim=25" alt="Fra&amp;#238;cheur">                     <img src="https://fd7-photos.leclercdrive.fr/VisuelEchelle.ashx?Id=910&amp;mindim=46" alt="">              </div>     <div class="divWCRS310_BGH divWCRS310_ZonesStickerVignette">                          <img src="https://fd7-photos.leclercdrive.fr/image.ashx?id=1237708&amp;use=nsc&amp;cat=p&amp;typeid=i&amp;mindim=35" alt="Nutri Score" data-tooltip2="StickerTexte" data-idsticker="35" data-typesticker="NUTRISCORE">              </div>     <div class="divWCRS310_MM divWCRS310_ZonesStickerVignette">              </div>          </div>              <div class="divWCRS310_Outils solo">          <ul class="ulWCRS310_Outils">                  <li>         <a href="#" class="aWCRS310_Add2List" title="Ajouter à mes listes">Ajouter à mes listes<span>&nbsp;</span></a>     </li>           </ul>          <a class="spanWCRS310_Fleche" title="Voir plus de fonctionnalités" href="#">&nbsp;</a>      </div>                             <p class="pWCRS310_HomogeneSucces visible_false"></p>         <p class="pWCRS310_QteMinPanierAtteinte visible_false"></p>      </li>      <li class="liWCRS310_Product liWCRS310_Unavailable colonne3 ligne14" id="sId59" data-vignette="bientotDisponible">         <div class="divWCRS310_Content">             <img src="https://fd7-photos.leclercdrive.fr/image.ashx?id=2276822&amp;use=l&amp;cat=p&amp;typeid=i" alt="pain complet 3 céréales bio " width="165" height="165">             <p class="pWCRS310_Info">                 Bientôt disponible</p>       <p>                 <a href="#" class="aWCRS310_Substitute bouton bouton-substitution visible_false" data-track="37100">Produits similaires</a></p>              <div class="divWCRS310_PrixUnitaire visible_true">                 <p class="pWCRS310_PrixUnitairePartieEntiere">                     2                 </p>                 <p class="pWCRS310_SigleMonetaire">                    €                 </p>                 <p class="pWCRS310_PrixUnitairePartieDecimale">                     ,20                 </p>             </div>              <p class="pWCRS310_PrixUniteMesure visible_true">4,40 € / kg</p>             <p class="pWCRS310_Desc">                 <a class="aWCRS310_Product aWCRS310_ProductDisabled">                     pain complet 3 céréales bio <br>                     bjorg 500g                 </a>                                  </p>                  <div class="divWCRS310_HG divWCRS310_ZonesStickerVignette">              </div>     <div class="divWCRS310_MG divWCRS310_ZonesStickerVignette divWCRS310_SansCorner ">                          <img src="https://fd7-photos.leclercdrive.fr/PictoLabelQualite.ashx?id=10&amp;mindim=25&amp;v=2" alt="Fili&amp;#232;re qualit&amp;#233;" data-tooltip2="StickerTexte" data-idsticker="2" data-typesticker="QUALITE">           </div>     <div class="divWCRS310_BG divWCRS310_ZonesStickerVignette">              </div>     <div class="divWCRS310_TD divWCRS310_ZonesStickerVignette">              </div>     <div class="divWCRS310_HD divWCRS310_ZonesStickerVignette">              </div>     <div class="divWCRS310_BD divWCRS310_ZonesStickerVignette">                     <img src="https://fd7-photos.leclercdrive.fr/VisuelEchelle.ashx?Id=118&amp;mindim=46" alt="">              </div>     <div class="divWCRS310_BGH divWCRS310_ZonesStickerVignette">              </div>     <div class="divWCRS310_MM divWCRS310_ZonesStickerVignette">              </div>          </div>                       <div class="divWCRS310_Outils solo">          <ul class="ulWCRS310_Outils">                  <li>         <a href="#" class="aWCRS310_Add2List" title="Ajouter à mes listes">Ajouter à mes listes<span>&nbsp;</span></a>     </li>           </ul>          <a class="spanWCRS310_Fleche" title="Voir plus de fonctionnalités" href="#">&nbsp;</a>      </div>               </li>      <li class="liWCRS310_Product      colonne4 ligne14 corner-bas-droite" id="sId60" data-vignette="disponible">         <div class="divWCRS310_Bordure"></div>         <div class="divWCRS310_Content">             <a class="aWCRS310_Product">                 <img src="https://fd7-photos.leclercdrive.fr/image.ashx?id=2375458&amp;use=l&amp;cat=p&amp;typeid=i" alt="Pain précuit Bio Village" width="165" height="165">             </a>                                           <!-- Ajout du html concernant le plus un moins un ou A composer suivant le type du produit -->                  <div class="divWCRS310_Panier masquerPlusUnMoinsUnAfficherPanier">         <a id="sLibellePictoAjouterProduit" href="#" class="aWCRS310_Add" data-track-id="1">Ajouter Produit</a>         <div class="divWCRS310_BlocIncrementerDecrementer">             <a href="#minus" class="aWCRS310_Less" data-track-id="2">-</a> <span id="spanWCRS310Quantite" class="spanWCRS310_count">0</span>             <a href="#plus" class="aWCRS310_More" data-track-id="1">+</a>         </div>     </div>                          <div class="divWCRS310_PrixUnitaire">                 <p class="pWCRS310_PrixUnitairePartieEntiere">                     2                 </p>                 <p class="pWCRS310_SigleMonetaire">                    €                 </p>                 <p class="pWCRS310_PrixUnitairePartieDecimale">                     ,09                 </p>             </div>             <div>                              <p class="pWCRS310_PrixUniteMesure">                     8,36 € / kg                 </p>                          </div>                      <span class="spanWCRS310_Clear"></span>             <p class="pWCRS310_Desc">                 <a class="aWCRS310_Product">Pain précuit Bio Village<br>                     Demi-baguette x2 - 250g                  </a>                                       <span class="spanWCRS310_ContenanceInfo"> </span>                              </p>                               <div class="divWCRS310_HG divWCRS310_ZonesStickerVignette">              </div>     <div class="divWCRS310_MG divWCRS310_ZonesStickerVignette divWCRS310_SansCorner ">                          <img src="https://fd7-photos.leclercdrive.fr/logohandler.ashx?logo=1&amp;mindim=33" alt="Marque rep&amp;#232;re">                          <img src="https://fd7-photos.leclercdrive.fr/PictoLabelQualite.ashx?id=10&amp;mindim=25&amp;v=2" alt="Fili&amp;#232;re qualit&amp;#233;" data-tooltip2="StickerTexte" data-idsticker="2" data-typesticker="QUALITE">           </div>     <div class="divWCRS310_BG divWCRS310_ZonesStickerVignette">                          <img src="https://fd7-photos.leclercdrive.fr/StickerAvisClient.ashx?id=163" alt="">              </div>     <div class="divWCRS310_TD divWCRS310_ZonesStickerVignette">              </div>     <div class="divWCRS310_HD divWCRS310_ZonesStickerVignette">              </div>     <div class="divWCRS310_BD divWCRS310_ZonesStickerVignette">                     <img src="https://fd7-photos.leclercdrive.fr/VisuelEchelle.ashx?Id=117&amp;mindim=46" alt="">              </div>     <div class="divWCRS310_BGH divWCRS310_ZonesStickerVignette">                          <img src="https://fd7-photos.leclercdrive.fr/image.ashx?id=1237707&amp;use=nsc&amp;cat=p&amp;typeid=i&amp;mindim=35" alt="Nutri Score" data-tooltip2="StickerTexte" data-idsticker="34" data-typesticker="NUTRISCORE">              </div>     <div class="divWCRS310_MM divWCRS310_ZonesStickerVignette">              </div>          </div>              <div class="divWCRS310_Outils solo">          <ul class="ulWCRS310_Outils">                  <li>         <a href="#" class="aWCRS310_Add2List" title="Ajouter à mes listes">Ajouter à mes listes<span>&nbsp;</span></a>     </li>           </ul>          <a class="spanWCRS310_Fleche" title="Voir plus de fonctionnalités" href="#">&nbsp;</a>      </div>                             <p class="pWCRS310_HomogeneSucces visible_false"></p>         <p class="pWCRS310_QteMinPanierAtteinte visible_false"></p>      </li>      <li class="liWCRS310_Product      colonne1 ligne15 corner-bas-gauche" id="sId61" data-vignette="disponible">         <div class="divWCRS310_Bordure"></div>         <div class="divWCRS310_Content">             <a class="aWCRS310_Product">                 <img src="https://fd7-photos.leclercdrive.fr/image.ashx?id=2265894&amp;use=l&amp;cat=p&amp;typeid=i" alt="Pain Céréal Bio " width="165" height="165">             </a>                                           <!-- Ajout du html concernant le plus un moins un ou A composer suivant le type du produit -->                  <div class="divWCRS310_Panier masquerPlusUnMoinsUnAfficherPanier">         <a id="sLibellePictoAjouterProduit" href="#" class="aWCRS310_Add" data-track-id="1">Ajouter Produit</a>         <div class="divWCRS310_BlocIncrementerDecrementer">             <a href="#minus" class="aWCRS310_Less" data-track-id="2">-</a> <span id="spanWCRS310Quantite" class="spanWCRS310_count">0</span>             <a href="#plus" class="aWCRS310_More" data-track-id="1">+</a>         </div>     </div>                          <div class="divWCRS310_PrixUnitaire">                 <p class="pWCRS310_PrixUnitairePartieEntiere">                     3                 </p>                 <p class="pWCRS310_SigleMonetaire">                    €                 </p>                 <p class="pWCRS310_PrixUnitairePartieDecimale">                     ,24                 </p>             </div>             <div>                              <p class="pWCRS310_PrixUniteMesure">                     16,20 € / kg                 </p>                          </div>                      <span class="spanWCRS310_Clear"></span>             <p class="pWCRS310_Desc">                 <a class="aWCRS310_Product">Pain Céréal Bio <br>                     Azyme Froment 200g                  </a>                                       <span class="spanWCRS310_ContenanceInfo"> </span>                              </p>                               <div class="divWCRS310_HG divWCRS310_ZonesStickerVignette">              </div>     <div class="divWCRS310_MG divWCRS310_ZonesStickerVignette divWCRS310_SansCorner ">                          <img src="https://fd7-photos.leclercdrive.fr/PictoLabelQualite.ashx?id=10&amp;mindim=25&amp;v=2" alt="Fili&amp;#232;re qualit&amp;#233;" data-tooltip2="StickerTexte" data-idsticker="2" data-typesticker="QUALITE">           </div>     <div class="divWCRS310_BG divWCRS310_ZonesStickerVignette">                          <img src="https://fd7-photos.leclercdrive.fr/StickerAvisClient.ashx?id=163" alt="">              </div>     <div class="divWCRS310_TD divWCRS310_ZonesStickerVignette">              </div>     <div class="divWCRS310_HD divWCRS310_ZonesStickerVignette">              </div>     <div class="divWCRS310_BD divWCRS310_ZonesStickerVignette">                     <img src="https://fd7-photos.leclercdrive.fr/VisuelEchelle.ashx?Id=120&amp;mindim=46" alt="">              </div>     <div class="divWCRS310_BGH divWCRS310_ZonesStickerVignette">                          <img src="https://fd7-photos.leclercdrive.fr/image.ashx?id=1237706&amp;use=nsc&amp;cat=p&amp;typeid=i&amp;mindim=35" alt="Nutri Score" data-tooltip2="StickerTexte" data-idsticker="23" data-typesticker="NUTRISCORE">              </div>     <div class="divWCRS310_MM divWCRS310_ZonesStickerVignette">              </div>          </div>              <div class="divWCRS310_Outils solo">          <ul class="ulWCRS310_Outils">                  <li>         <a href="#" class="aWCRS310_Add2List" title="Ajouter à mes listes">Ajouter à mes listes<span>&nbsp;</span></a>     </li>           </ul>          <a class="spanWCRS310_Fleche" title="Voir plus de fonctionnalités" href="#">&nbsp;</a>      </div>                             <p class="pWCRS310_HomogeneSucces visible_false"></p>         <p class="pWCRS310_QteMinPanierAtteinte visible_false"></p>      </li>      <li class="liWCRS310_Product      colonne2 ligne15 corner-bas-droite" id="sId62" data-vignette="disponible">         <div class="divWCRS310_Bordure"></div>         <div class="divWCRS310_Content">             <a class="aWCRS310_Product">                 <img src="https://fd7-photos.leclercdrive.fr/image.ashx?id=2114427&amp;use=l&amp;cat=p&amp;typeid=i" alt="Galettes de blé noir" width="165" height="165">             </a>                                           <!-- Ajout du html concernant le plus un moins un ou A composer suivant le type du produit -->                  <div class="divWCRS310_Panier masquerPlusUnMoinsUnAfficherPanier">         <a id="sLibellePictoAjouterProduit" href="#" class="aWCRS310_Add" data-track-id="1">Ajouter Produit</a>         <div class="divWCRS310_BlocIncrementerDecrementer">             <a href="#minus" class="aWCRS310_Less" data-track-id="2">-</a> <span id="spanWCRS310Quantite" class="spanWCRS310_count">0</span>             <a href="#plus" class="aWCRS310_More" data-track-id="1">+</a>         </div>     </div>                          <div class="divWCRS310_PrixUnitaire">                 <p class="pWCRS310_PrixUnitairePartieEntiere">                     1                 </p>                 <p class="pWCRS310_SigleMonetaire">                    €                 </p>                 <p class="pWCRS310_PrixUnitairePartieDecimale">                     ,80                 </p>             </div>             <div>                              <p class="pWCRS310_PrixUniteMesure">                     9,00 € / kg                 </p>                          </div>                      <span class="spanWCRS310_Clear"></span>             <p class="pWCRS310_Desc">                 <a class="aWCRS310_Product">Galettes de blé noir<br>                     Bio Village x4 - 200g                  </a>                                       <span class="spanWCRS310_ContenanceInfo"> </span>                              </p>                               <div class="divWCRS310_HG divWCRS310_ZonesStickerVignette">              </div>     <div class="divWCRS310_MG divWCRS310_ZonesStickerVignette divWCRS310_SansCorner ">                          <img src="https://fd7-photos.leclercdrive.fr/logohandler.ashx?logo=1&amp;mindim=33" alt="Marque rep&amp;#232;re">                          <img src="https://fd7-photos.leclercdrive.fr/PictoLabelQualite.ashx?id=10&amp;mindim=25&amp;v=2" alt="Fili&amp;#232;re qualit&amp;#233;" data-tooltip2="StickerTexte" data-idsticker="2" data-typesticker="QUALITE">           </div>     <div class="divWCRS310_BG divWCRS310_ZonesStickerVignette">                          <img src="https://fd7-photos.leclercdrive.fr/StickerAvisClient.ashx?id=161" alt="">              </div>     <div class="divWCRS310_TD divWCRS310_ZonesStickerVignette">              </div>     <div class="divWCRS310_HD divWCRS310_ZonesStickerVignette">              </div>     <div class="divWCRS310_BD divWCRS310_ZonesStickerVignette">                              <img src="https://fd7-photos.leclercdrive.fr/logohandler.ashx?logo=100&amp;mindim=25" alt="Fra&amp;#238;cheur">                     <img src="https://fd7-photos.leclercdrive.fr/VisuelEchelle.ashx?Id=120&amp;mindim=46" alt="">              </div>     <div class="divWCRS310_BGH divWCRS310_ZonesStickerVignette">                          <img src="https://fd7-photos.leclercdrive.fr/image.ashx?id=1237707&amp;use=nsc&amp;cat=p&amp;typeid=i&amp;mindim=35" alt="Nutri Score" data-tooltip2="StickerTexte" data-idsticker="34" data-typesticker="NUTRISCORE">              </div>     <div class="divWCRS310_MM divWCRS310_ZonesStickerVignette">              </div>          </div>              <div class="divWCRS310_Outils solo">          <ul class="ulWCRS310_Outils">                  <li>         <a href="#" class="aWCRS310_Add2List" title="Ajouter à mes listes">Ajouter à mes listes<span>&nbsp;</span></a>     </li>           </ul>          <a class="spanWCRS310_Fleche" title="Voir plus de fonctionnalités" href="#">&nbsp;</a>      </div>                             <p class="pWCRS310_HomogeneSucces visible_false"></p>         <p class="pWCRS310_QteMinPanierAtteinte visible_false"></p>      </li> </ul></div>
</div>






<div id="ctl00_ctl00_mainMutiUnivers_main_ctl06_pnlPopinRecette" data-infomil-control="$.infomil.widgPopinRecette">

</div>



<div id="divWCRSxxx_ProductsList">
</div>

<div id="ctl00_ctl00_mainMutiUnivers_main_ctl07_pnlUpsellingLotHeterogene" class="divWXXXxxx_PopupBlock  divWXXXxxx_PopinLot" data-infomil-control="$.infomil.widgUpsellingLotHeterogene">

</div>

<div id="divWCRSxxx_ProductsList">
</div>

<div id="ctl00_ctl00_mainMutiUnivers_main_ctl08_pnlUpsellingPackPromo" class="divWXXXxxx_PopupBlock  divWXXXxxx_PopinLot" data-infomil-control="$.infomil.widgUpsellingPackPromo">

</div>
            </div>



    </section>

                </div>

                <div class="divWCAD301_Overlay" id="divWCAD301_NavHighlight"></div>
                <!-- overlay nav -->

            </div>

        </div>





        <div id="ctl00_ctl00_mainMutiUnivers_lMarquageATHomeMagasin" data-infomil-control="$.infomil.widgMarquageAtHomeMagasin" style="display: none;">

</div>

    </div>



        <!--Section bas de page-->
        <section class="sectionWCSD001_BasPage clearfix">

            <!--Saisonnalité-->


            <div class="conteneur">
                <!--Engagements-->
                <div class="divWCSD001_Engagements">
                    <div id="ctl00_ctl00_ctl08_divWPAD348_Reassurances" class="divWPAD348_AffichageLigne">
    <ul class="clearfix ulWPAD348_Reassurances">
        <li>
            <a href="javascript:void(0);" onclick="WPAD348.OuvrirPopinReassurance('DRIVE_PRIX');" data-track="25022">
                <i class="iconeLeclerc iconeWPAD348InfosReassurances iconeWPAD348PrixGarantie"></i>
                <span class="liWPAD348_Reassurances">Prix E.Leclerc garantis</span>
            </a>
         </li>
        <li>
            <a href="javascript:void(0);" onclick="WPAD348.OuvrirPopinReassurance('DRIVE_TICKETS');" data-track="25023">
                <i class="iconeLeclerc iconeWPAD348InfosReassurances iconeWPAD348TicketELeclerc"></i>
                <span class="liWPAD348_Reassurances">Tickets E.Leclerc<br>à cumuler</span>
            </a>
        </li>
        <li>
            <a href="javascript:void(0);" onclick="WPAD348.OuvrirPopinReassurance('DRIVE_FRAICHEUR');" data-track="25024">
                <i class="iconeLeclerc iconeWPAD348InfosReassurances iconeWPAD348EngagementFraicheur"></i>
                <span class="liWPAD348_Reassurances">Engagement<br>de fraîcheur</span>
            </a>
        </li>
        <li>
            <a href="javascript:void(0);" onclick="WPAD348.OuvrirPopinReassurance('DRIVE_FROID');" data-track="25025">
                <i class="iconeLeclerc iconeWPAD348InfosReassurances iconeWPAD348ChaineFroid"></i>
                <span class="liWPAD348_Reassurances">Chaîne du froid<br>maîtrisée</span>
            </a>
        </li>
    </ul>
</div>


                </div>

                <!--Réseaux sociaux-->
                <div class="divWCSD001_ReseauxSociaux" style="display: none">
                    <div id="ctl00_ctl00_ctl09_divWCSD338_ReseauxSociaux" class="divWCSD338_AffichageLigne">

     <p><strong>Suivez-nous</strong> sur les réseaux sociaux</p>

    <ul class="ulWCSD338_ReseauxSociaux">
	    <li id="ctl00_ctl00_ctl09_liWCSD338_Facebook">
            <a href="https://www.facebook.com/leclercdrive" id="ctl00_ctl00_ctl09_aWCSD338_Facebook" class="aWCSD338_Badge aWCSD338_Facebook" data-track="25001" target="_blank">

            </a>
	    </li>
        <li id="ctl00_ctl00_ctl09_liWCSD338_Instagram">
            <a href="https://www.instagram.com/leclercdrive/" id="ctl00_ctl00_ctl09_aWCSD338_Instagram" class="aWCSD338_Badge aWCSD338_Instagram" data-track="25015" target="_blank">

            </a>
	    </li>
	    <li id="ctl00_ctl00_ctl09_liWCSD338_Twitter">
            <a href="https://twitter.com/leclercdrive" id="ctl00_ctl00_ctl09_aWCSD338_Twitter" class="aWCSD338_Badge aWCSD338_Twitter" data-track="25002" target="_blank">

            </a>
	    </li>
        <li id="ctl00_ctl00_ctl09_liWCSD338_Youtube">
            <a href="https://www.youtube.com/c/leclercdrive" id="ctl00_ctl00_ctl09_aWCSD338_Youtube" class="aWCSD338_Badge aWCSD338_Youtube" data-track="25014" target="_blank">

            </a>
	    </li>

    </ul>
</div>

                </div>

                <!--Bas de page-->


            </div>
        </section>

        <!--Section footer-->
        <footer class="footerWCSD001_BasPage">

            <div class="conteneur">


<div class="divWCSD348_Footer">


    <div class="divWCSD348_Ligne2">
        <div id="ctl00_ctl00_ctl10_divWCSD348_AssistantReseauxSociaux" class="divWCSD348_AssistantReseauxSociaux">
            <div class="divWCSD348_AssistantGoogle">
                <div class="divWCSD348_AssistantGoogle--titre">
                    Découvrez notre Assistant vocal E.Leclerc<br>
                    pour faciliter vos courses en ligne
                </div>
                <div class="divWCSD348_AssistantGoogle--illustration">
                      <a target="_blank" href="https://www.leclercdrive.fr/conseils-drive/drive-google-home.aspx">
                        <p class="iconeGoogleAssisstant">
                            OK Google,
                            <br>
                            je veux parler à Leclerc
                        </p>
                    </a>
                </div>
            </div>

            <div class="divWCSD348_ReseauxSociaux">
                <div class="divWCSD348_ReseauxSociaux--titre">
                    Suivez-nous partout
                </div>
                <div class="divWCSD348_ReseauxSociaux--liens">
                    <a href="https://www.facebook.com/leclercdrive" id="ctl00_ctl00_ctl10_aWCSD348_Facebook" target="_blank"><i class="iconeReseauxSociaux iconeFacebook"></i></a>
                    <a href="https://twitter.com/leclercdrive" id="ctl00_ctl00_ctl10_aWCSD348_Twitter" target="_blank"><i class="iconeReseauxSociaux iconeTwitter"></i></a>
                    <a href="https://www.instagram.com/leclercdrive/" id="ctl00_ctl00_ctl10_aWCSD348_Instagram" target="_blank"><i class="iconeReseauxSociaux iconeInstagram"></i></a>
                    <a href="https://www.youtube.com/c/leclercdrive" id="ctl00_ctl00_ctl10_aWCSD348_Youtube" target="_blank"><i class="iconeReseauxSociaux iconeYoutube"></i></a>
                </div>
            </div>
        </div>
        <ul class="ulWCSD348_Footer">


                    <li>
                        <a href="javascript:void(0);" onclick="WCSD348.OuvrirPopinRappelProduit('079111');">
                            Rappel produit
                        </a>
                    </li>

                    <li class="liWCSD348_Separateur ">|</li>
                    <li>
                        <a href="javascript:void(0);" onclick="window.open('https://mgt.leclercdrive.fr/drive/legal/magasin-079111-Massy-Palaiseau/mentions-legales.aspx?iIdMarque=1&amp;sProvenance=SD', 'iMENTIONS_LEGALES', 'width=630,height=530,scrollbars=no,status=0,menubar=0,titlebar=0,toolbar=0,location=0'); return false;" data-track="35041">
                            Mentions légales et CGU
                        </a>
                    </li>

                    <li class="liWCSD348_Separateur ">|</li>
                    <li>
                        <a href="javascript:void(0);" onclick="window.open('https://mgt.leclercdrive.fr/drive/legal/magasin-079111-Massy-Palaiseau/cgv.aspx?iIdMarque=1&amp;sProvenance=SD', 'iCGV', 'width=630,height=530,scrollbars=no,status=0,menubar=0,titlebar=0,toolbar=0,location=0'); return false;" data-track="35042">
                            CGV
                        </a>
                    </li>

                    <li class="liWCSD348_Separateur ">|</li>
                    <li>
                        <a href="javascript:void(0);" onclick="window.open('https://mgt.leclercdrive.fr/drive/legal/magasin-079111-Massy-Palaiseau/cgu.aspx?iIdMarque=1&amp;sProvenance=SD', 'iCGU', 'width=630,height=530,scrollbars=no,status=0,menubar=0,titlebar=0,toolbar=0,location=0'); return false;" data-track="35042">
                            Charte de Protection des Données Personnelles
                        </a>
                    </li>

                    <li class="liWCSD348_Separateur ">|</li>
                    <li>
                        <a href="javascript:void(0);" onclick="window.open('https://mgt.leclercdrive.fr/drive/legal/magasin-079111-Massy-Palaiseau/chartes-cookies.aspx?iIdMarque=1&amp;sProvenance=SD', 'iCHARTE_COOKIES', 'width=630,height=530,scrollbars=no,status=0,menubar=0,titlebar=0,toolbar=0,location=0'); return false;" data-track="35042">
                            Charte des Cookies
                        </a>
                    </li>

                    <li class="liWCSD348_Separateur">|</li>
                    <li>
                        <a href="javascript:void(0);" onclick="" data-track="" id="aWCSD348_LienPreferencesCookies" class="optanon-show-settings">
                            Préférences des cookies
                        </a>
                    </li>

                    <li class="liWCSD348_Separateur ">|</li>
                    <li>
                        <a href="javascript:void(0);" onclick="window.open('https://mgt.leclercdrive.fr/drive/legal/magasin-079111-Massy-Palaiseau/index-egalite-femmes-hommes.aspx?iIdMarque=1&amp;sProvenance=SD', 'iINDEX_EFH', 'width=630,height=530,scrollbars=no,status=0,menubar=0,titlebar=0,toolbar=0,location=0'); return false;" data-track="">
                            Index égalité professionnelle
                        </a>
                    </li>

                    <li class="liWCSD348_Separateur ">|</li>
                    <li>
                        <a href="javascript:void(0);" onclick="window.open('https://mgt.leclercdrive.fr/drive/legal/magasin-079111-Massy-Palaiseau/conditions-promotionnelles.aspx?sProvenance=SD', 'iCOND_PROMO', 'width=630,height=530,scrollbars=no,status=0,menubar=0,titlebar=0,toolbar=0,location=0'); return false;">
                            Conditions promotionnelles
                        </a>
                    </li>

                    <li class="liWCSD348_Separateur ">|</li>
                    <li>
                        <a href="javascript:void(0);" onclick="WCTD201.Class.PopinManager.OuvrirPopin('WCRS089_OuverturePopinProduitManquant'); return false;">
                            Suggérer un produit
                        </a>
                    </li>

                    <li class="liWCSD348_Separateur ">|</li>
                    <li>
                        <a href="https://fd7-courses.leclercdrive.fr/magasin-079111/formulaire-retractation.aspx" target="_blank">
                            Formulaire de rétractation
                        </a>
                    </li>

                    <li class="liWCSD348_Separateur ">|</li>
                    <li>
                        <a href="javascript:void(0);" onclick="window.open('https://mgt.leclercdrive.fr/drive/legal/magasin-079111-Massy-Palaiseau/aide-en-ligne.aspx?sSelfService=0&amp;iIdMarque=1&amp;sProvenance=SD', 'iAideEnLigne', 'width=870,height=750,scrollbars=no,status=0,menubar=0,titlebar=0,toolbar=0,location=0,resizable=yes'); return false;" data-track="35043">
                            Aide en ligne
                        </a>
                    </li>

                    <li class="liWCSD348_Separateur ">|</li>
                    <li>
                        <a href="https://www.recrutement.leclerc" target="_blank">
                            Recrutement
                        </a>
                    </li>

        </ul>
    </div>

    <!-- Bandeau alcool -->

</div>




            </div>
        </footer>

        <div id="ctl00_ctl00_ctl14_divWCSD351_BandeauDHDC" class="divWCSD351_BandeauDHDC iCOURSES_RAYON" style="visibility: hidden;">
    <div id="ctl00_ctl00_ctl14_divWCSD351_ContainerDHDC" class="divWCSD351_ContainerDHDC">
        <span id="ctl00_ctl00_ctl14_lblWCSD351_DHDC">Dernière connexion le <strong>mardi 11/04/2023 à 10h36</strong></span>
    </div>

    <a href="javascript:void(0)" id="ctl00_ctl00_ctl14_fermerBandeauDHDC" onclick="return false;" class="aWCSD351_FermerBandeauDHDC"></a>

</div>





    </div>



<script type="text/javascript">
//<![CDATA[
WCSD325_Initialiser({'1':'leclercdrive.fr'},{});WCSD330_Initialiser({'1':'leclercdrive.fr'},{});Managers.jsWCSD601_MgrTestsAB.RenseignerConfigurationActive('[]' );Utl.ElementsPresentation.init('https://fd7-courses.leclercdrive.fr/', 'https://fd7-courses.leclercdrive.fr/magasin-079111/eltpresentation.aspx?v=638168072512302364', '{"sUrlRayonPermanentPreRemplie":"https://fd7-courses.leclercdrive.fr/magasin-079111-Massy-Palaiseau/rayon----IdElement-------LibelleElement---.aspx","sUrlSousFamillePermanentPreRemplie":"https://fd7-courses.leclercdrive.fr/magasin-079111-Massy-Palaiseau/rayon----IdElementFamille-------LibelleElementFamille---.aspx?Filtres=4----IdElementSousFamille---","sUrlRayonOffresSpecialesPreRemplie":"https://fd7-courses.leclercdrive.fr/magasin-079111-Massy-Palaiseau/offres----IdElement-------LibelleElement---.aspx","sUrlRayonRayonBRDPreRemplie":"https://fd7-courses.leclercdrive.fr/magasin-079111-Massy-Palaiseau/bons-de-reduction.aspx","sUrlRayonRayonDestockagePreRemplie":"https://fd7-courses.leclercdrive.fr/magasin-079111-Massy-Palaiseau/offre-du-moment.aspx","sUrlImgVisuelIndisponibleBandeau":"/_res/release/_img/ascWCAD301_BandeauRayon/imgVisuelIndisponibleBandeau.jpg?v=638115589960000000","sUrlImgVisuelIndisponibleExpand":"/_res/release/_img/ascWCAD301_BandeauRayon/imgVisuelIndisponibleExpand.jpg?v=638115589960000000","sUrlImgVisuelIndisponibleMenuRayonGauche":"/_res/release/_img/ascWCAD315_CtlMenuRayon/imgMenuRayonGaucheRayonIndisponible.jpg?v=638115589960000000","sUrlImgVisuelIndisponibleMenuRayonDroiteRayon":"/_res/release/_img/ascWCAD315_CtlMenuRayon/imgVisuelIndispo.svg?v=638115589960000000","sUrlImgVisuelIndisponibleMenuRayonDroiteFamille":"/_res/release/_img/ascWCAD315_CtlMenuRayon/imgMenuRayonDroiteFamilleIndisponible.jpg?v=638115589960000000","sUrlImgVisuelRayonPreRemplie":"https://fd7-photos.leclercdrive.fr/image.ashx?id=**niIdPhotoARemplacer**&use=l&cat=s&typeid=i","sUrlImageStatiquePreRemplie":"/_res/release/_img/*sCheminFinal*?v=638115589960000000","sUrlImageNouveautesRayon":"/_res/release/_img/ascWCAD301_BandeauRayon/imgVisuelIndisponibleBandeau.jpg?v=638115589960000000","sUrlImageNouveautesFamille":"https://fd7-photos.leclercdrive.fr/image.ashx?id=1428760&use=l&cat=s&typeid=i","sUrlMesNouveautes":"https://fd7-courses.leclercdrive.fr/magasin-079111-Massy-Palaiseau/nouveautes.aspx","sUrlDevisTraiteur":"https://fd7-espace-client.leclercdrive.fr/drive/magasin-079111-Massy-Palaiseau/devis-traiteur.aspx"}' );WCTD601_PageCacheCookie();onStart(function() {Utl.Log.init(false, '/PageDir/pgeWCSD002_Erreur.aspx?m=079111&nopr=&l=fr-FR&u=2&s=2000&v=2002&q=1');});WCSD314_Initialiser({},{});WCTD601.View.RaiseFirstUpdate();ActiverAnimations();Utilitaires.Etats.init('ctl00_ctl00_Et');Utilitaires.Evenements.GestionnaireClient.start();Utilitaires.widget.initOptions('ctl00_ctl00_ucWCSD001_BandeauMultiUnivers_ucWCSD001_Connexion_ctl00_pnlWCLD312_ConnexionBase',{"sUrlRedirection":"https://fd7-courses.leclercdrive.fr/magasin-079111-Massy-Palaiseau.aspx","sUrlHandlerConnecter":"https://fd7-secure.leclercdrive.fr/drive/connecter.ashz","sUrlHandlerDeconnecter":"https://fd7-courses.leclercdrive.fr/deconnecter.ashz","sUrlStatistiques":"https://www.leclercdrive.fr/Statistiques/","sUrlParcoursAjoutDonnees":"https://fd7-espace-client.leclercdrive.fr/drive/magasin-079111-Massy-Palaiseau/creation-compte.aspx?eMode=iParcours&s=2000&v=2002&u=2&r=magasin-079111-massy-palaiseau/rayon-284557-le-marche-bio.aspx","fRechargement":true,"sLocTitreDeconnexion":"Déconnexion","sLocTexteDeconnexion":"Votre demande de déconnexion a bien été prise en compte.<br />Votre panier a été sauvegardé. Vous le retrouverez automatiquement lors de votre prochaine connexion.","sValidationGroup":"WCLD312_ctl00_ctl00_ucWCSD001_BandeauMultiUnivers_ucWCSD001_Connexion_ctl00","sUrlHandlerVerifierLoginMitigation":"https://fd7-secure.leclercdrive.fr/drive/verifierloginmitigation.ashz","sUrlBlocageListeNoire":"https://fd7-courses.leclercdrive.fr/blocage-login.aspx","sUrlBlocageEchecConnexion":"https://fd7-courses.leclercdrive.fr/blocage-login-echec-connexion.aspx","sUrlBlocageNbCompteIP":"https://fd7-courses.leclercdrive.fr/blocage-login-echec-ip.aspx","sUrlBlocageNbTerminalCompte":"https://fd7-courses.leclercdrive.fr/blocage-login-limite-device.aspx","sUrlBlocageNbIpCompte":"https://fd7-courses.leclercdrive.fr/blocage-login-limite-ip.aspx","enuMarque":1,"sNoPointLivraisonConnexion":"079111","eUniversContexte":"2"});Utilitaires.widget.initOptions('ctl00_ctl00_ucWCSD001_BandeauMultiUnivers_pnlWCSD333_BandeauMultiUnivers',{"fRappelProduit":true,"urlAideEnLigne":"javascript:void(window.open(encodeURI('https://mgt.leclercdrive.fr/drive/legal/magasin-079111-Massy-Palaiseau/aide-en-ligne.aspx?sSelfService=0&iIdMarque=1'), '', 'width=870,height=750,toolbars=no,scrollbars=yes,status=no,resizable=yes'));","sInfoBulleAideEnligne":"<span class='divWCSD333_Aide'><label class='infoBulle-block'>Vous avez une question ? Vous rencontrez des difficultés sur le site ?</label><span><a class=\"lnkBleuSouligne\">Voir l'aide en ligne</a></span></span>","sUrlAideEnLigne":"https://mgt.leclercdrive.fr/drive/legal/magasin-079111-Massy-Palaiseau/aide-en-ligne.aspx?sSelfService=0&iIdMarque=1","urlCourses":"https://fd7-courses.leclercdrive.fr/magasin-079111-Massy-Palaiseau.aspx","nomPL":"Massy Palaiseau","adresseLivraison":"91120","lstMsgPointRetrait":[],"urlAccueil":"https://www-chezmoi.leclercdrive.fr/?sIdFrom=0&sRedirect=false","objContexteMultiUnivers":{"iDRIVE":{"fUniversCourant":true,"sNoPointLivraison":"079111","eUnivers":2,"iIdGroupe":222,"fAfficher":true}},"domain":"leclercdrive.fr","marque":1,"dateRetrait":"Aujourd'hui à 12h00","sUrlCommandeExpress":"https://fd7-espace-client.leclercdrive.fr/drive/magasin-079111-Massy-Palaiseau/commande-express.aspx","sUrlProduitsHabituels":"https://fd7-courses.leclercdrive.fr/magasin-079111-Massy-Palaiseau/produits-habituels.aspx"});Utilitaires.widget.initOptions('ctl00_ctl00_mainMutiUnivers_MasterHeader_ctl00_ctl00_pnlTradeEncartNavigationMenu',{"sUrlHandlerRecupererTradeEncartsNavigation":"https://fd7-courses.leclercdrive.fr/magasin-079111/tradeencartsnav"});Utilitaires.widget.initOptions('ctl00_ctl00_mainMutiUnivers_MasterHeader_ctl01_panelFilArianne',{"txtRechercheSingulier":"résultat affiché","txtRecherchePlurier":"résultats affichés"});Utilitaires.widget.initOptions('ctl00_ctl00_mainMutiUnivers_lMarquageATHomeMagasin',{"objConfigTestABHomeMagasin":null});Utilitaires.widget.initOptions('ctl00_ctl00_mainMutiUnivers_main_ctl01_pnlBlocsFiltres',{"lstBlocsFiltres":[{"iIdBloc":2,"neTypeBloc":2,"sLibelle":"En ce moment","fMultiSelection":true,"niNbAffichage":6,"iNbValeursMinimum":1},{"iIdBloc":1,"neTypeBloc":3,"sLibelle":"Marques","fMultiSelection":true,"niNbAffichage":6,"iNbValeursMinimum":2},{"iIdBloc":3,"sLibelle":"Labels qualité","fMultiSelection":true,"niNbAffichage":6,"iNbValeursMinimum":1},{"iIdBloc":12,"sLibelle":"Nutri-score","fMultiSelection":true,"niNbAffichage":6,"iNbValeursMinimum":1,"objPictoFiltreBloc":{"sNom":"WCTD_pictoAide","sUrl":"https://mgt.leclercdrive.fr/drive/legal/magasin-079111-Massy-Palaiseau/aide-en-ligne.aspx?sSelfService=29","fEstCliquable":true}},{"iIdBloc":14,"sLibelle":"Notes des clients","fMultiSelection":true,"niNbAffichage":6,"iNbValeursMinimum":1}],"lstValeursFiltres":[{"objFiltreBloc":{"iIdBloc":1,"neTypeBloc":3,"sLibelle":"Marques","fMultiSelection":true,"niNbAffichage":6,"iNbValeursMinimum":2},"iIdBloc":1,"iIdValeur":5992,"sIdValeurUrl":"1-5992","sLibelle":"Marque Repère","fEstEnPromotion":false},{"objFiltreBloc":{"iIdBloc":2,"neTypeBloc":2,"sLibelle":"En ce moment","fMultiSelection":true,"niNbAffichage":6,"iNbValeursMinimum":1},"iIdBloc":2,"iIdValeur":2,"niTypeValeur":1,"sIdValeurUrl":"2-2","sLibelle":"Les promotions","fEstEnPromotion":true},{"objFiltreBloc":{"iIdBloc":3,"sLibelle":"Labels qualité","fMultiSelection":true,"niNbAffichage":6,"iNbValeursMinimum":1},"iIdBloc":3,"iIdValeur":1,"sIdValeurUrl":"3-1","sLibelle":"Bio","fEstEnPromotion":false},{"objFiltreBloc":{"iIdBloc":12,"sLibelle":"Nutri-score","fMultiSelection":true,"niNbAffichage":6,"iNbValeursMinimum":1,"objPictoFiltreBloc":{"sNom":"WCTD_pictoAide","sUrl":"https://mgt.leclercdrive.fr/drive/legal/magasin-079111-Massy-Palaiseau/aide-en-ligne.aspx?sSelfService=29","fEstCliquable":true}},"iIdBloc":12,"iIdValeur":1,"sIdValeurUrl":"12-1","sLibelle":"A","fEstEnPromotion":false},{"objFiltreBloc":{"iIdBloc":14,"sLibelle":"Notes des clients","fMultiSelection":true,"niNbAffichage":6,"iNbValeursMinimum":1},"iIdBloc":14,"iIdValeur":1,"sIdValeurUrl":"14-1","sLibelle":"5","fEstEnPromotion":false},{"objFiltreBloc":{"iIdBloc":12,"sLibelle":"Nutri-score","fMultiSelection":true,"niNbAffichage":6,"iNbValeursMinimum":1,"objPictoFiltreBloc":{"sNom":"WCTD_pictoAide","sUrl":"https://mgt.leclercdrive.fr/drive/legal/magasin-079111-Massy-Palaiseau/aide-en-ligne.aspx?sSelfService=29","fEstCliquable":true}},"iIdBloc":12,"iIdValeur":2,"sIdValeurUrl":"12-2","sLibelle":"B","fEstEnPromotion":false},{"objFiltreBloc":{"iIdBloc":14,"sLibelle":"Notes des clients","fMultiSelection":true,"niNbAffichage":6,"iNbValeursMinimum":1},"iIdBloc":14,"iIdValeur":2,"sIdValeurUrl":"14-2","sLibelle":"4","fEstEnPromotion":false},{"objFiltreBloc":{"iIdBloc":2,"neTypeBloc":2,"sLibelle":"En ce moment","fMultiSelection":true,"niNbAffichage":6,"iNbValeursMinimum":1},"iIdBloc":2,"iIdValeur":1,"sIdValeurUrl":"2-1","sLibelle":"Les produits de saison","fEstEnPromotion":false},{"objFiltreBloc":{"iIdBloc":12,"sLibelle":"Nutri-score","fMultiSelection":true,"niNbAffichage":6,"iNbValeursMinimum":1,"objPictoFiltreBloc":{"sNom":"WCTD_pictoAide","sUrl":"https://mgt.leclercdrive.fr/drive/legal/magasin-079111-Massy-Palaiseau/aide-en-ligne.aspx?sSelfService=29","fEstCliquable":true}},"iIdBloc":12,"iIdValeur":3,"sIdValeurUrl":"12-3","sLibelle":"C","fEstEnPromotion":false},{"objFiltreBloc":{"iIdBloc":14,"sLibelle":"Notes des clients","fMultiSelection":true,"niNbAffichage":6,"iNbValeursMinimum":1},"iIdBloc":14,"iIdValeur":3,"sIdValeurUrl":"14-3","sLibelle":"3","fEstEnPromotion":false},{"objFiltreBloc":{"iIdBloc":3,"sLibelle":"Labels qualité","fMultiSelection":true,"niNbAffichage":6,"iNbValeursMinimum":1},"iIdBloc":3,"iIdValeur":4,"sIdValeurUrl":"3-4","sLibelle":"Max Havelaar","fEstEnPromotion":false},{"objFiltreBloc":{"iIdBloc":12,"sLibelle":"Nutri-score","fMultiSelection":true,"niNbAffichage":6,"iNbValeursMinimum":1,"objPictoFiltreBloc":{"sNom":"WCTD_pictoAide","sUrl":"https://mgt.leclercdrive.fr/drive/legal/magasin-079111-Massy-Palaiseau/aide-en-ligne.aspx?sSelfService=29","fEstCliquable":true}},"iIdBloc":12,"iIdValeur":4,"sIdValeurUrl":"12-4","sLibelle":"D","fEstEnPromotion":false},{"objFiltreBloc":{"iIdBloc":14,"sLibelle":"Notes des clients","fMultiSelection":true,"niNbAffichage":6,"iNbValeursMinimum":1},"iIdBloc":14,"iIdValeur":4,"sIdValeurUrl":"14-4","sLibelle":"2","fEstEnPromotion":false},{"objFiltreBloc":{"iIdBloc":14,"sLibelle":"Notes des clients","fMultiSelection":true,"niNbAffichage":6,"iNbValeursMinimum":1},"iIdBloc":14,"iIdValeur":5,"sIdValeurUrl":"14-5","sLibelle":"1","fEstEnPromotion":false},{"objFiltreBloc":{"iIdBloc":1,"neTypeBloc":3,"sLibelle":"Marques","fMultiSelection":true,"niNbAffichage":6,"iNbValeursMinimum":2},"iIdBloc":1,"iIdValeur":10803046,"sIdValeurUrl":"1-10803046","sLibelle":"Bio Source","fEstEnPromotion":false},{"objFiltreBloc":{"iIdBloc":1,"neTypeBloc":3,"sLibelle":"Marques","fMultiSelection":true,"niNbAffichage":6,"iNbValeursMinimum":2},"iIdBloc":1,"iIdValeur":37735,"sIdValeurUrl":"1-37735","sLibelle":"Bio Village","fEstEnPromotion":false},{"objFiltreBloc":{"iIdBloc":1,"neTypeBloc":3,"sLibelle":"Marques","fMultiSelection":true,"niNbAffichage":6,"iNbValeursMinimum":2},"iIdBloc":1,"iIdValeur":615782,"sIdValeurUrl":"1-615782","sLibelle":"Bjorg","fEstEnPromotion":false},{"objFiltreBloc":{"iIdBloc":1,"neTypeBloc":3,"sLibelle":"Marques","fMultiSelection":true,"niNbAffichage":6,"iNbValeursMinimum":2},"iIdBloc":1,"iIdValeur":440934,"sIdValeurUrl":"1-440934","sLibelle":"Bonduelle","fEstEnPromotion":false},{"objFiltreBloc":{"iIdBloc":1,"neTypeBloc":3,"sLibelle":"Marques","fMultiSelection":true,"niNbAffichage":6,"iNbValeursMinimum":2},"iIdBloc":1,"iIdValeur":580966,"sIdValeurUrl":"1-580966","sLibelle":"Céréal Bio","fEstEnPromotion":false},{"objFiltreBloc":{"iIdBloc":1,"neTypeBloc":3,"sLibelle":"Marques","fMultiSelection":true,"niNbAffichage":6,"iNbValeursMinimum":2},"iIdBloc":1,"iIdValeur":440678,"sIdValeurUrl":"1-440678","sLibelle":"Fleury Michon","fEstEnPromotion":false},{"objFiltreBloc":{"iIdBloc":1,"neTypeBloc":3,"sLibelle":"Marques","fMultiSelection":true,"niNbAffichage":6,"iNbValeursMinimum":2},"iIdBloc":1,"iIdValeur":841574,"sIdValeurUrl":"1-841574","sLibelle":"Nature de France","fEstEnPromotion":false}]});Utilitaires.widget.initOptions('ctl00_ctl00_mainMutiUnivers_main_ctl03_panelTri',{"datasource":[{"iIdTri":1,"iTypeTri":1,"fDefaut":true,"sLibelle":"Tri par défaut"},{"iIdTri":2,"iTypeTri":2,"fDefaut":false,"sLibelle":"Tri par prix croissant"},{"iIdTri":3,"iTypeTri":2,"fDefaut":false,"sLibelle":"Tri par prix décroissant"},{"iIdTri":4,"iTypeTri":3,"fDefaut":false,"sLibelle":"Tri par prix / Kg, L croissant"},{"iIdTri":5,"iTypeTri":3,"fDefaut":false,"sLibelle":"Tri par prix / Kg, L décroissant"},{"iIdTri":6,"iTypeTri":4,"fDefaut":false,"sLibelle":"Tri par Meilleures notes"}]});Utilitaires.widget.initOptions('ctl00_ctl00_mainMutiUnivers_main_ctl05_pnlElementProduit',{"objContenu":{"lstElements":[{"objElement":{"sNoPointLivraison":"079111","iIdProduit":95840,"iIdRayon":284314,"iIdFamille":284557,"niIdSousFamille":284564,"sType":"Produit","sId":"95840","niIdPhotoEnLigne":2078365,"eIncitationLot":0,"sIdUniqueRayon":"Rayon284314","iIdElementPresentation":284356,"sLibelleLigne1":"Orange &#224; d&#233;guster Bio Village","sLibelleLigne2":"x4 ","iQteDisponible":7,"sPrixUnitaire":"2,49 €","fAfficherPrixUnitaire":true,"nrPVBRIIDeduit":2.49,"sPrixPromo":"2,49 €","sPrixParUniteDeMesure":"0,62 € / p","fAfficherPrixParUniteMesure":true,"nrPVMesureBRIIDeduit":0.62,"sUrlVignetteProduit":"https://fd7-photos.leclercdrive.fr/image.ashx?id=2078365&use=l&cat=p&typeid=i","fEstBRIIActifEtDisponible":false,"fBriiAffichageSticker":false,"fPrixAvantageux":false,"sUrlLogoBrii":"","sUrlStickerCampagne":"","sTexteLogoBRII":"Promotion BRII","sTexteTooltipLot":"","fEstVisiblePictoPromoTEL":false,"sCodeLotHeterogene":"","sUrlLogoTEL":"","sTexteLogoTel":"Promotion TEL","sLibellePictoAjouterProduit":"Ajouter au panier","sLibelleUrlNaviguerRayon":"Voir le rayon","iQuantitePanier":0,"rTotalAPayer":0.0,"sTotalAPayer":"0,00 €","sOrigineZoneDepeche":"AFRIQUE DU SUD","fVoirRayon":false,"sUrlVoirRayon":"","eDisponibilite":0,"iIdElementPresentationPrincipale":284356,"fProduitSubstitution":false,"sTexteEcoParticipationPrix":"","fAppartientAUneListe":false,"sMsgHeaderPopinAuthen":"Vous devez être identifié(e) pour ajouter le produit à vos listes.","fAfficherTexteProduitIndispo":false,"sTexteProduitIndispo":"","sTexteProduitIndispoCarte":"","fGainsBRD":false,"eTypeProduit":1,"sUrlPageProduit":"https://fd7-courses.leclercdrive.fr/magasin-079111-Massy-Palaiseau/fiche-produits-95840-Orange-a-deguster-Bio-Village.aspx","iQteMinPanier":0,"iQteMaxPanier":1000,"sUrlLogoDemandeVocale":"/_res/release/_img/ascWCRS414_PanierBot/picto-commande-vocale.svg?v=638150862400000000","fEstDansDemandeVocale":false,"fEstProduitCategorieCommerciale":false,"lstMentionsProduit":[{"sLibelleMention":"Origine","sLibelleValeur":"AFRIQUE DU SUD","iIdProduit":0,"iIdMention":668,"sTypeMention":"ORIG","iIdStatut":1,"iIdCombinaisonMention":"4c1b9235-c7c9-4eb0-9949-1f046118add7"},{"sLibelleMention":"Catégorie","sLibelleValeur":"Cat-2-","iIdProduit":0,"iIdMention":669,"sTypeMention":"AUTR","iIdStatut":1,"iIdCombinaisonMention":"4c1b9235-c7c9-4eb0-9949-1f046118add7"},{"sLibelleMention":"Calibre","sLibelleValeur":"CAL-5/6 - 70/84MM","iIdProduit":0,"iIdMention":670,"sTypeMention":"AUTR","iIdStatut":1,"iIdCombinaisonMention":"4c1b9235-c7c9-4eb0-9949-1f046118add7"},{"sLibelleMention":"Variété","sLibelleValeur":"CAMBRIA","iIdProduit":0,"iIdMention":671,"sTypeMention":"AUTR","iIdStatut":1,"iIdCombinaisonMention":"4c1b9235-c7c9-4eb0-9949-1f046118add7"},{"sLibelleMention":"Traitement 1","sLibelleValeur":".","iIdProduit":0,"iIdMention":673,"sTypeMention":"AUTR","iIdStatut":1,"iIdCombinaisonMention":"4c1b9235-c7c9-4eb0-9949-1f046118add7"},{"sLibelleMention":"Traitement 2","sLibelleValeur":".","iIdProduit":0,"iIdMention":674,"sTypeMention":"AUTR","iIdStatut":1,"iIdCombinaisonMention":"4c1b9235-c7c9-4eb0-9949-1f046118add7"}],"objAvisClient":{"IdProduit":95840,"IdProduitBZV":8897,"Addon":"01","Note":{"Valeur":2.5,"IdPicto":158},"NbAvis":10},"sIdUnique":"Produit95840"},"lstEnfants":[]},{"objElement":{"sNoPointLivraison":"079111","iIdProduit":98145,"iIdRayon":284314,"iIdFamille":284557,"niIdSousFamille":284564,"sType":"Produit","sId":"98145","niIdPhotoEnLigne":2129239,"eIncitationLot":0,"sIdUniqueRayon":"Rayon284314","iIdElementPresentation":284356,"sLibelleLigne1":"Orange &#224; jus Bio Village","sLibelleLigne2":"1kg","iQteDisponible":2,"sPrixUnitaire":"2,49 €","fAfficherPrixUnitaire":true,"nrPVBRIIDeduit":2.49,"sPrixPromo":"2,49 €","sPrixParUniteDeMesure":"2,49 € / kg","fAfficherPrixParUniteMesure":true,"nrPVMesureBRIIDeduit":2.49,"sUrlVignetteProduit":"https://fd7-photos.leclercdrive.fr/image.ashx?id=2129239&use=l&cat=p&typeid=i","fEstBRIIActifEtDisponible":false,"fBriiAffichageSticker":false,"fPrixAvantageux":false,"sUrlLogoBrii":"","sUrlStickerCampagne":"","sTexteLogoBRII":"Promotion BRII","sTexteTooltipLot":"","fEstVisiblePictoPromoTEL":false,"sCodeLotHeterogene":"","sUrlLogoTEL":"","sTexteLogoTel":"Promotion TEL","sLibellePictoAjouterProduit":"Ajouter au panier","sLibelleUrlNaviguerRayon":"Voir le rayon","iQuantitePanier":0,"rTotalAPayer":0.0,"sTotalAPayer":"0,00 €","sOrigineZoneDepeche":"ESPAGNE","fVoirRayon":false,"sUrlVoirRayon":"","eDisponibilite":0,"iIdElementPresentationPrincipale":284356,"fProduitSubstitution":false,"sTexteEcoParticipationPrix":"","fAppartientAUneListe":false,"sMsgHeaderPopinAuthen":"Vous devez être identifié(e) pour ajouter le produit à vos listes.","fAfficherTexteProduitIndispo":false,"sTexteProduitIndispo":"","sTexteProduitIndispoCarte":"","fGainsBRD":false,"eTypeProduit":1,"sUrlPageProduit":"https://fd7-courses.leclercdrive.fr/magasin-079111-Massy-Palaiseau/fiche-produits-98145-Orange-a-jus-Bio-Village.aspx","iQteMinPanier":0,"iQteMaxPanier":1000,"sUrlLogoDemandeVocale":"/_res/release/_img/ascWCRS414_PanierBot/picto-commande-vocale.svg?v=638150862400000000","fEstDansDemandeVocale":false,"fEstProduitCategorieCommerciale":false,"lstMentionsProduit":[{"sLibelleMention":"Origine","sLibelleValeur":"ESPAGNE","iIdProduit":0,"iIdMention":668,"sTypeMention":"ORIG","iIdStatut":1,"iIdCombinaisonMention":"fda081a3-0531-4a27-938a-2f7664383f34"},{"sLibelleMention":"Catégorie","sLibelleValeur":"Cat-1-","iIdProduit":0,"iIdMention":669,"sTypeMention":"AUTR","iIdStatut":1,"iIdCombinaisonMention":"fda081a3-0531-4a27-938a-2f7664383f34"},{"sLibelleMention":"Calibre","sLibelleValeur":"CAL-7/8 - 64/76MM","iIdProduit":0,"iIdMention":670,"sTypeMention":"AUTR","iIdStatut":1,"iIdCombinaisonMention":"fda081a3-0531-4a27-938a-2f7664383f34"},{"sLibelleMention":"Variété","sLibelleValeur":"SALUSTIANA","iIdProduit":0,"iIdMention":671,"sTypeMention":"AUTR","iIdStatut":1,"iIdCombinaisonMention":"fda081a3-0531-4a27-938a-2f7664383f34"},{"sLibelleMention":"Traitement 1","sLibelleValeur":"agriculture biologique","iIdProduit":0,"iIdMention":673,"sTypeMention":"AUTR","iIdStatut":1,"iIdCombinaisonMention":"fda081a3-0531-4a27-938a-2f7664383f34"},{"sLibelleMention":"Traitement 2","sLibelleValeur":"Sans","iIdProduit":0,"iIdMention":674,"sTypeMention":"AUTR","iIdStatut":1,"iIdCombinaisonMention":"fda081a3-0531-4a27-938a-2f7664383f34"}],"objAvisClient":{"IdProduit":98145,"IdProduitBZV":64504,"Addon":"01","Note":{"Valeur":2.0,"IdPicto":157},"NbAvis":7},"sIdUnique":"Produit98145"},"lstEnfants":[]},{"objElement":{"sNoPointLivraison":"079111","iIdProduit":100318,"iIdRayon":284314,"iIdFamille":284557,"niIdSousFamille":284564,"sType":"Produit","sId":"100318","niIdPhotoEnLigne":2233295,"eIncitationLot":0,"sIdUniqueRayon":"Rayon284314","iIdElementPresentation":284356,"sLibelleLigne1":"Mandarine Bio Village","sLibelleLigne2":"A d&#233;guster - 750g","iQteDisponible":3,"sPrixUnitaire":"3,49 €","fAfficherPrixUnitaire":true,"nrPVBRIIDeduit":3.49,"sPrixPromo":"3,49 €","sPrixParUniteDeMesure":"4,65 € / kg","fAfficherPrixParUniteMesure":true,"nrPVMesureBRIIDeduit":4.65,"sUrlVignetteProduit":"https://fd7-photos.leclercdrive.fr/image.ashx?id=2233295&use=l&cat=p&typeid=i","fEstBRIIActifEtDisponible":false,"fBriiAffichageSticker":false,"fPrixAvantageux":false,"sUrlLogoBrii":"","sUrlStickerCampagne":"","sTexteLogoBRII":"Promotion BRII","sTexteTooltipLot":"","fEstVisiblePictoPromoTEL":false,"sCodeLotHeterogene":"","sUrlLogoTEL":"","sTexteLogoTel":"Promotion TEL","sLibellePictoAjouterProduit":"Ajouter au panier","sLibelleUrlNaviguerRayon":"Voir le rayon","iQuantitePanier":0,"rTotalAPayer":0.0,"sTotalAPayer":"0,00 €","sOrigineZoneDepeche":"ESPAGNE","fVoirRayon":false,"sUrlVoirRayon":"","eDisponibilite":0,"iIdElementPresentationPrincipale":284356,"fProduitSubstitution":false,"sTexteEcoParticipationPrix":"","fAppartientAUneListe":false,"sMsgHeaderPopinAuthen":"Vous devez être identifié(e) pour ajouter le produit à vos listes.","fAfficherTexteProduitIndispo":false,"sTexteProduitIndispo":"","sTexteProduitIndispoCarte":"","fGainsBRD":false,"eTypeProduit":1,"sUrlPageProduit":"https://fd7-courses.leclercdrive.fr/magasin-079111-Massy-Palaiseau/fiche-produits-100318-Mandarine-Bio-Village.aspx","iQteMinPanier":0,"iQteMaxPanier":1000,"sUrlLogoDemandeVocale":"/_res/release/_img/ascWCRS414_PanierBot/picto-commande-vocale.svg?v=638150862400000000","fEstDansDemandeVocale":false,"fEstProduitCategorieCommerciale":false,"lstMentionsProduit":[{"sLibelleMention":"Origine","sLibelleValeur":"ESPAGNE","iIdProduit":0,"iIdMention":557,"sTypeMention":"ORIG","iIdStatut":1,"iIdCombinaisonMention":"72eb6564-9dd7-4065-a705-f42b9f983e5f"},{"sLibelleMention":"Catégorie","sLibelleValeur":"CAT-2-","iIdProduit":0,"iIdMention":558,"sTypeMention":"AUTR","iIdStatut":1,"iIdCombinaisonMention":"72eb6564-9dd7-4065-a705-f42b9f983e5f"},{"sLibelleMention":"Calibre","sLibelleValeur":"CAL 2/3 - 54/69MM","iIdProduit":0,"iIdMention":559,"sTypeMention":"AUTR","iIdStatut":1,"iIdCombinaisonMention":"72eb6564-9dd7-4065-a705-f42b9f983e5f"},{"sLibelleMention":"Variété","sLibelleValeur":"CLEMENVILLA","iIdProduit":0,"iIdMention":560,"sTypeMention":"AUTR","iIdStatut":1,"iIdCombinaisonMention":"72eb6564-9dd7-4065-a705-f42b9f983e5f"},{"sLibelleMention":"Traitement 1","sLibelleValeur":"-","iIdProduit":0,"iIdMention":562,"sTypeMention":"AUTR","iIdStatut":1,"iIdCombinaisonMention":"72eb6564-9dd7-4065-a705-f42b9f983e5f"},{"sLibelleMention":"Traitement 2","sLibelleValeur":"-","iIdProduit":0,"iIdMention":563,"sTypeMention":"AUTR","iIdStatut":1,"iIdCombinaisonMention":"72eb6564-9dd7-4065-a705-f42b9f983e5f"}],"objAvisClient":{"IdProduit":100318,"IdProduitBZV":87739,"Addon":"01","Note":{"Valeur":2.0,"IdPicto":157},"NbAvis":7},"sIdUnique":"Produit100318"},"lstEnfants":[]},{"objElement":{"sNoPointLivraison":"079111","iIdProduit":88698,"iIdRayon":284314,"iIdFamille":284557,"niIdSousFamille":284564,"sType":"Produit","sId":"88698","niIdPhotoEnLigne":2232785,"eIncitationLot":0,"sIdUniqueRayon":"Rayon284314","iIdElementPresentation":284356,"sLibelleLigne1":"Citrons Bio Village","sLibelleLigne2":"4 pi&#232;ces","iQteDisponible":7,"sPrixUnitaire":"1,99 €","fAfficherPrixUnitaire":true,"nrPVBRIIDeduit":1.99,"sPrixPromo":"1,99 €","sPrixParUniteDeMesure":"0,50 € / p","fAfficherPrixParUniteMesure":true,"nrPVMesureBRIIDeduit":0.50,"sUrlVignetteProduit":"https://fd7-photos.leclercdrive.fr/image.ashx?id=2232785&use=l&cat=p&typeid=i","fEstBRIIActifEtDisponible":false,"fBriiAffichageSticker":false,"fPrixAvantageux":false,"sUrlLogoBrii":"","sUrlStickerCampagne":"","sTexteLogoBRII":"Promotion BRII","sTexteTooltipLot":"","fEstVisiblePictoPromoTEL":false,"sCodeLotHeterogene":"","sUrlLogoTEL":"","sTexteLogoTel":"Promotion TEL","sLibellePictoAjouterProduit":"Ajouter au panier","sLibelleUrlNaviguerRayon":"Voir le rayon","iQuantitePanier":0,"rTotalAPayer":0.0,"sTotalAPayer":"0,00 €","sOrigineZoneDepeche":"ESPAGNE","fVoirRayon":false,"sUrlVoirRayon":"","eDisponibilite":0,"iIdElementPresentationPrincipale":284356,"fProduitSubstitution":false,"sTexteEcoParticipationPrix":"","fAppartientAUneListe":false,"sMsgHeaderPopinAuthen":"Vous devez être identifié(e) pour ajouter le produit à vos listes.","fAfficherTexteProduitIndispo":false,"sTexteProduitIndispo":"","sTexteProduitIndispoCarte":"","fGainsBRD":false,"eTypeProduit":1,"sUrlPageProduit":"https://fd7-courses.leclercdrive.fr/magasin-079111-Massy-Palaiseau/fiche-produits-88698-Citrons-Bio-Village.aspx","iQteMinPanier":0,"iQteMaxPanier":1000,"sUrlLogoDemandeVocale":"/_res/release/_img/ascWCRS414_PanierBot/picto-commande-vocale.svg?v=638150862400000000","fEstDansDemandeVocale":false,"fEstProduitCategorieCommerciale":false,"lstMentionsProduit":[{"sLibelleMention":"Origine","sLibelleValeur":"ESPAGNE","iIdProduit":0,"iIdMention":322,"sTypeMention":"ORIG","iIdStatut":1,"iIdCombinaisonMention":"98711f2a-eaae-4008-bc08-1d66fe2a9049"},{"sLibelleMention":"Catégorie","sLibelleValeur":"CAT-2-","iIdProduit":0,"iIdMention":323,"sTypeMention":"AUTR","iIdStatut":1,"iIdCombinaisonMention":"98711f2a-eaae-4008-bc08-1d66fe2a9049"},{"sLibelleMention":"Calibre","sLibelleValeur":"CAL-3/4 - 58/72MM","iIdProduit":0,"iIdMention":324,"sTypeMention":"AUTR","iIdStatut":1,"iIdCombinaisonMention":"98711f2a-eaae-4008-bc08-1d66fe2a9049"},{"sLibelleMention":"Traitement 1","sLibelleValeur":".","iIdProduit":0,"iIdMention":327,"sTypeMention":"AUTR","iIdStatut":1,"iIdCombinaisonMention":"98711f2a-eaae-4008-bc08-1d66fe2a9049"},{"sLibelleMention":"Traitement 2","sLibelleValeur":"*","iIdProduit":0,"iIdMention":328,"sTypeMention":"AUTR","iIdStatut":1,"iIdCombinaisonMention":"98711f2a-eaae-4008-bc08-1d66fe2a9049"}],"objAvisClient":{"IdProduit":88698,"IdProduitBZV":53091,"Addon":"01","Note":{"Valeur":3.0,"IdPicto":159},"NbAvis":18},"sIdUnique":"Produit88698"},"lstEnfants":[]},{"objElement":{"sNoPointLivraison":"079111","iIdProduit":161043,"iIdRayon":284314,"iIdFamille":284557,"niIdSousFamille":284564,"sType":"Produit","sId":"161043","niIdPhotoEnLigne":2373024,"eIncitationLot":0,"sIdUniqueRayon":"Rayon284314","iIdElementPresentation":284356,"sLibelleLigne1":"Citron vert Bio Village","sLibelleLigne2":"x3","iQteDisponible":1,"sPrixUnitaire":"2,49 €","fAfficherPrixUnitaire":true,"nrPVBRIIDeduit":2.49,"sPrixPromo":"2,49 €","sPrixParUniteDeMesure":"0,83 € / p","fAfficherPrixParUniteMesure":true,"nrPVMesureBRIIDeduit":0.83,"sUrlVignetteProduit":"https://fd7-photos.leclercdrive.fr/image.ashx?id=2373024&use=l&cat=p&typeid=i","fEstBRIIActifEtDisponible":false,"fBriiAffichageSticker":false,"fPrixAvantageux":false,"sUrlLogoBrii":"","sUrlStickerCampagne":"","sTexteLogoBRII":"Promotion BRII","sTexteTooltipLot":"","fEstVisiblePictoPromoTEL":false,"sCodeLotHeterogene":"","sUrlLogoTEL":"","sTexteLogoTel":"Promotion TEL","sLibellePictoAjouterProduit":"Ajouter au panier","sLibelleUrlNaviguerRayon":"Voir le rayon","iQuantitePanier":0,"rTotalAPayer":0.0,"sTotalAPayer":"0,00 €","sOrigineZoneDepeche":"COLOMBIE","fVoirRayon":false,"sUrlVoirRayon":"","eDisponibilite":0,"iIdElementPresentationPrincipale":284356,"fProduitSubstitution":false,"sTexteEcoParticipationPrix":"","fAppartientAUneListe":false,"sMsgHeaderPopinAuthen":"Vous devez être identifié(e) pour ajouter le produit à vos listes.","fAfficherTexteProduitIndispo":false,"sTexteProduitIndispo":"","sTexteProduitIndispoCarte":"","fGainsBRD":false,"eTypeProduit":1,"sUrlPageProduit":"https://fd7-courses.leclercdrive.fr/magasin-079111-Massy-Palaiseau/fiche-produits-161043-Citron-vert-Bio-Village.aspx","iQteMinPanier":0,"iQteMaxPanier":1000,"sUrlLogoDemandeVocale":"/_res/release/_img/ascWCRS414_PanierBot/picto-commande-vocale.svg?v=638150862400000000","fEstDansDemandeVocale":false,"fEstProduitCategorieCommerciale":false,"lstMentionsProduit":[{"sLibelleMention":"Origine","sLibelleValeur":"COLOMBIE","iIdProduit":0,"iIdMention":322,"sTypeMention":"ORIG","iIdStatut":1,"iIdCombinaisonMention":"837888c8-6f6f-43df-849e-80ed3ec86514"},{"sLibelleMention":"Catégorie","sLibelleValeur":"CAT-2-","iIdProduit":0,"iIdMention":323,"sTypeMention":"AUTR","iIdStatut":1,"iIdCombinaisonMention":"837888c8-6f6f-43df-849e-80ed3ec86514"},{"sLibelleMention":"Calibre","sLibelleValeur":"CAL-6 - 48/57MM","iIdProduit":0,"iIdMention":324,"sTypeMention":"AUTR","iIdStatut":1,"iIdCombinaisonMention":"837888c8-6f6f-43df-849e-80ed3ec86514"},{"sLibelleMention":"Traitement 1","sLibelleValeur":".","iIdProduit":0,"iIdMention":327,"sTypeMention":"AUTR","iIdStatut":1,"iIdCombinaisonMention":"837888c8-6f6f-43df-849e-80ed3ec86514"},{"sLibelleMention":"Traitement 2","sLibelleValeur":".","iIdProduit":0,"iIdMention":328,"sTypeMention":"AUTR","iIdStatut":1,"iIdCombinaisonMention":"837888c8-6f6f-43df-849e-80ed3ec86514"}],"objAvisClient":{"IdProduit":161043,"IdProduitBZV":122564,"Addon":"01"},"sIdUnique":"Produit161043"},"lstEnfants":[]},{"objElement":{"sNoPointLivraison":"079111","iIdProduit":101580,"iIdRayon":284314,"iIdFamille":284557,"niIdSousFamille":284564,"sType":"Produit","sId":"101580","niIdPhotoEnLigne":2323988,"eIncitationLot":0,"sIdUniqueRayon":"Rayon284314","iIdElementPresentation":284356,"sLibelleLigne1":"Banane Bio Max Havelaar ","sLibelleLigne2":"Bio Village x5","iQteDisponible":5,"sPrixUnitaire":"1,99 €","fAfficherPrixUnitaire":true,"nrPVBRIIDeduit":1.99,"sPrixPromo":"1,99 €","sPrixParUniteDeMesure":"0,40 € / p","fAfficherPrixParUniteMesure":true,"nrPVMesureBRIIDeduit":0.40,"sUrlVignetteProduit":"https://fd7-photos.leclercdrive.fr/image.ashx?id=2323988&use=l&cat=p&typeid=i","fEstBRIIActifEtDisponible":false,"fBriiAffichageSticker":false,"fPrixAvantageux":false,"sUrlLogoBrii":"","sUrlStickerCampagne":"","sTexteLogoBRII":"Promotion BRII","sTexteTooltipLot":"","fEstVisiblePictoPromoTEL":false,"sCodeLotHeterogene":"","sUrlLogoTEL":"","sTexteLogoTel":"Promotion TEL","sLibellePictoAjouterProduit":"Ajouter au panier","sLibelleUrlNaviguerRayon":"Voir le rayon","iQuantitePanier":0,"rTotalAPayer":0.0,"sTotalAPayer":"0,00 €","sOrigineZoneDepeche":"&#201;QUATEUR","fVoirRayon":false,"sUrlVoirRayon":"","eDisponibilite":0,"iIdElementPresentationPrincipale":284356,"fProduitSubstitution":false,"sTexteEcoParticipationPrix":"","fAppartientAUneListe":false,"sMsgHeaderPopinAuthen":"Vous devez être identifié(e) pour ajouter le produit à vos listes.","fAfficherTexteProduitIndispo":false,"sTexteProduitIndispo":"","sTexteProduitIndispoCarte":"","fGainsBRD":false,"eTypeProduit":1,"sUrlPageProduit":"https://fd7-courses.leclercdrive.fr/magasin-079111-Massy-Palaiseau/fiche-produits-101580-Banane-Bio-Max-Havelaar-.aspx","iQteMinPanier":0,"iQteMaxPanier":1000,"sUrlLogoDemandeVocale":"/_res/release/_img/ascWCRS414_PanierBot/picto-commande-vocale.svg?v=638150862400000000","fEstDansDemandeVocale":false,"fEstProduitCategorieCommerciale":false,"lstMentionsProduit":[{"sLibelleMention":"Origine","sLibelleValeur":"ÉQUATEUR","iIdProduit":0,"iIdMention":201,"sTypeMention":"ORIG","iIdStatut":1,"iIdCombinaisonMention":"cd3de0d2-fc66-4e8e-9b4a-7374a06b8c5f"},{"sLibelleMention":"Catégorie","sLibelleValeur":"Cat-2-","iIdProduit":0,"iIdMention":202,"sTypeMention":"AUTR","iIdStatut":1,"iIdCombinaisonMention":"cd3de0d2-fc66-4e8e-9b4a-7374a06b8c5f"},{"sLibelleMention":"Calibre","sLibelleValeur":"CAL-P14","iIdProduit":0,"iIdMention":203,"sTypeMention":"AUTR","iIdStatut":1,"iIdCombinaisonMention":"cd3de0d2-fc66-4e8e-9b4a-7374a06b8c5f"},{"sLibelleMention":"Variété","sLibelleValeur":"CAVENDISH","iIdProduit":0,"iIdMention":204,"sTypeMention":"AUTR","iIdStatut":1,"iIdCombinaisonMention":"cd3de0d2-fc66-4e8e-9b4a-7374a06b8c5f"}],"objAvisClient":{"IdProduit":101580,"IdProduitBZV":87765,"Addon":"01","Note":{"Valeur":2.5,"IdPicto":158},"NbAvis":83},"sIdUnique":"Produit101580"},"lstEnfants":[]},{"objElement":{"sNoPointLivraison":"079111","iIdProduit":98438,"iIdRayon":284314,"iIdFamille":284557,"niIdSousFamille":284564,"sType":"Produit","sId":"98438","niIdPhotoEnLigne":2338712,"eIncitationLot":0,"sIdUniqueRayon":"Rayon284314","iIdElementPresentation":284356,"sLibelleLigne1":"Kiwi Bio Village","sLibelleLigne2":"x6","iQteDisponible":5,"sPrixUnitaire":"3,49 €","fAfficherPrixUnitaire":true,"nrPVBRIIDeduit":3.49,"sPrixPromo":"3,49 €","sPrixParUniteDeMesure":"0,58 € / p","fAfficherPrixParUniteMesure":true,"nrPVMesureBRIIDeduit":0.58,"sUrlVignetteProduit":"https://fd7-photos.leclercdrive.fr/image.ashx?id=2338712&use=l&cat=p&typeid=i","fEstBRIIActifEtDisponible":false,"fBriiAffichageSticker":false,"fPrixAvantageux":false,"sUrlLogoBrii":"","sUrlStickerCampagne":"","sTexteLogoBRII":"Promotion BRII","sTexteTooltipLot":"","fEstVisiblePictoPromoTEL":false,"sCodeLotHeterogene":"","sUrlLogoTEL":"","sTexteLogoTel":"Promotion TEL","sLibellePictoAjouterProduit":"Ajouter au panier","sLibelleUrlNaviguerRayon":"Voir le rayon","iQuantitePanier":0,"rTotalAPayer":0.0,"sTotalAPayer":"0,00 €","sOrigineZoneDepeche":"CHILI","fVoirRayon":false,"sUrlVoirRayon":"","eDisponibilite":0,"iIdElementPresentationPrincipale":284356,"fProduitSubstitution":false,"sTexteEcoParticipationPrix":"","fAppartientAUneListe":false,"sMsgHeaderPopinAuthen":"Vous devez être identifié(e) pour ajouter le produit à vos listes.","fAfficherTexteProduitIndispo":false,"sTexteProduitIndispo":"","sTexteProduitIndispoCarte":"","fGainsBRD":false,"eTypeProduit":1,"sUrlPageProduit":"https://fd7-courses.leclercdrive.fr/magasin-079111-Massy-Palaiseau/fiche-produits-98438-Kiwi-Bio-Village.aspx","iQteMinPanier":0,"iQteMaxPanier":1000,"sUrlLogoDemandeVocale":"/_res/release/_img/ascWCRS414_PanierBot/picto-commande-vocale.svg?v=638150862400000000","fEstDansDemandeVocale":false,"fEstProduitCategorieCommerciale":false,"lstMentionsProduit":[{"sLibelleMention":"Origine","sLibelleValeur":"CHILI","iIdProduit":0,"iIdMention":539,"sTypeMention":"ORIG","iIdStatut":1,"iIdCombinaisonMention":"069cbdf6-d532-48ae-96e0-fd4688b12f3e"},{"sLibelleMention":"Catégorie","sLibelleValeur":"CAT-2-","iIdProduit":0,"iIdMention":540,"sTypeMention":"AUTR","iIdStatut":1,"iIdCombinaisonMention":"069cbdf6-d532-48ae-96e0-fd4688b12f3e"},{"sLibelleMention":"Calibre","sLibelleValeur":"CAL-39 - 75/80G","iIdProduit":0,"iIdMention":541,"sTypeMention":"AUTR","iIdStatut":1,"iIdCombinaisonMention":"069cbdf6-d532-48ae-96e0-fd4688b12f3e"}],"objAvisClient":{"IdProduit":98438,"IdProduitBZV":20931,"Addon":"05","Note":{"Valeur":3.0,"IdPicto":159},"NbAvis":13},"sIdUnique":"Produit98438"},"lstEnfants":[]},{"objElement":{"sNoPointLivraison":"079111","iIdProduit":91814,"iIdRayon":284314,"iIdFamille":284557,"niIdSousFamille":284564,"sType":"Produit","sId":"91814","niIdPhotoEnLigne":1501569,"eIncitationLot":0,"sIdUniqueRayon":"Rayon284314","iIdElementPresentation":284356,"sLibelleLigne1":"Pommes bicolores Bio Village","sLibelleLigne2":"x4","iQteDisponible":10,"sPrixUnitaire":"1,99 €","fAfficherPrixUnitaire":true,"nrPVBRIIDeduit":1.99,"sPrixPromo":"1,99 €","sPrixParUniteDeMesure":"0,50 € / p","fAfficherPrixParUniteMesure":true,"nrPVMesureBRIIDeduit":0.50,"sUrlVignetteProduit":"https://fd7-photos.leclercdrive.fr/image.ashx?id=1501569&use=l&cat=p&typeid=i","fEstBRIIActifEtDisponible":false,"fBriiAffichageSticker":false,"fPrixAvantageux":false,"sUrlLogoBrii":"","sUrlStickerCampagne":"","sTexteLogoBRII":"Promotion BRII","sTexteTooltipLot":"","fEstVisiblePictoPromoTEL":false,"sCodeLotHeterogene":"","sUrlLogoTEL":"","sTexteLogoTel":"Promotion TEL","sLibellePictoAjouterProduit":"Ajouter au panier","sLibelleUrlNaviguerRayon":"Voir le rayon","iQuantitePanier":0,"rTotalAPayer":0.0,"sTotalAPayer":"0,00 €","sOrigineZoneDepeche":"FRANCE","fVoirRayon":false,"sUrlVoirRayon":"","eDisponibilite":0,"iIdElementPresentationPrincipale":284356,"fProduitSubstitution":false,"sTexteEcoParticipationPrix":"","fAppartientAUneListe":false,"sMsgHeaderPopinAuthen":"Vous devez être identifié(e) pour ajouter le produit à vos listes.","fAfficherTexteProduitIndispo":false,"sTexteProduitIndispo":"","sTexteProduitIndispoCarte":"","fGainsBRD":false,"eTypeProduit":1,"sUrlPageProduit":"https://fd7-courses.leclercdrive.fr/magasin-079111-Massy-Palaiseau/fiche-produits-91814-Pommes-bicolores-Bio-Village.aspx","iQteMinPanier":0,"iQteMaxPanier":1000,"sUrlLogoDemandeVocale":"/_res/release/_img/ascWCRS414_PanierBot/picto-commande-vocale.svg?v=638150862400000000","fEstDansDemandeVocale":false,"fEstProduitCategorieCommerciale":false,"lstMentionsProduit":[{"sLibelleMention":"Origine","sLibelleValeur":"FRANCE","iIdProduit":0,"iIdMention":789,"sTypeMention":"ORIG","iIdStatut":1,"iIdCombinaisonMention":"cfd427a8-5503-46ce-b710-53fc3a6e706f"},{"sLibelleMention":"Catégorie","sLibelleValeur":"CAT-2-","iIdProduit":0,"iIdMention":790,"sTypeMention":"AUTR","iIdStatut":1,"iIdCombinaisonMention":"cfd427a8-5503-46ce-b710-53fc3a6e706f"},{"sLibelleMention":"Calibre","sLibelleValeur":"115/135G","iIdProduit":0,"iIdMention":791,"sTypeMention":"AUTR","iIdStatut":1,"iIdCombinaisonMention":"cfd427a8-5503-46ce-b710-53fc3a6e706f"},{"sLibelleMention":"Variété","sLibelleValeur":"GALA","iIdProduit":0,"iIdMention":792,"sTypeMention":"AUTR","iIdStatut":1,"iIdCombinaisonMention":"cfd427a8-5503-46ce-b710-53fc3a6e706f"}],"objAvisClient":{"IdProduit":91814,"IdProduitBZV":8666,"Addon":"00","Note":{"Valeur":2.5,"IdPicto":158},"NbAvis":17},"sIdUnique":"Produit91814"},"lstEnfants":[]},{"objElement":{"sNoPointLivraison":"079111","iIdProduit":73689,"iIdRayon":284314,"iIdFamille":284557,"niIdSousFamille":284564,"sType":"Produit","sId":"73689","niIdPhotoEnLigne":1291297,"eIncitationLot":0,"sIdUniqueRayon":"Rayon284314","iIdElementPresentation":284356,"sLibelleLigne1":"Pomme Jaune Bio Village","sLibelleLigne2":"x4","iQteDisponible":12,"sPrixUnitaire":"2,29 €","fAfficherPrixUnitaire":true,"nrPVBRIIDeduit":2.29,"sPrixPromo":"2,29 €","sPrixParUniteDeMesure":"0,57 € / p","fAfficherPrixParUniteMesure":true,"nrPVMesureBRIIDeduit":0.57,"sUrlVignetteProduit":"https://fd7-photos.leclercdrive.fr/image.ashx?id=1291297&use=l&cat=p&typeid=i","fEstBRIIActifEtDisponible":false,"fBriiAffichageSticker":false,"fPrixAvantageux":false,"sUrlLogoBrii":"","sUrlStickerCampagne":"","sTexteLogoBRII":"Promotion BRII","sTexteTooltipLot":"","fEstVisiblePictoPromoTEL":false,"sCodeLotHeterogene":"","sUrlLogoTEL":"","sTexteLogoTel":"Promotion TEL","sLibellePictoAjouterProduit":"Ajouter au panier","sLibelleUrlNaviguerRayon":"Voir le rayon","iQuantitePanier":0,"rTotalAPayer":0.0,"sTotalAPayer":"0,00 €","sOrigineZoneDepeche":"FRANCE","fVoirRayon":false,"sUrlVoirRayon":"","eDisponibilite":0,"iIdElementPresentationPrincipale":284356,"fProduitSubstitution":false,"sTexteEcoParticipationPrix":"","fAppartientAUneListe":false,"sMsgHeaderPopinAuthen":"Vous devez être identifié(e) pour ajouter le produit à vos listes.","fAfficherTexteProduitIndispo":false,"sTexteProduitIndispo":"","sTexteProduitIndispoCarte":"","fGainsBRD":false,"eTypeProduit":1,"sUrlPageProduit":"https://fd7-courses.leclercdrive.fr/magasin-079111-Massy-Palaiseau/fiche-produits-73689-Pomme-Jaune-Bio-Village.aspx","iQteMinPanier":0,"iQteMaxPanier":1000,"sUrlLogoDemandeVocale":"/_res/release/_img/ascWCRS414_PanierBot/picto-commande-vocale.svg?v=638150862400000000","fEstDansDemandeVocale":false,"fEstProduitCategorieCommerciale":false,"lstMentionsProduit":[{"sLibelleMention":"Origine","sLibelleValeur":"FRANCE","iIdProduit":0,"iIdMention":789,"sTypeMention":"ORIG","iIdStatut":1,"iIdCombinaisonMention":"ee5777f7-5993-4967-b353-57875908afa9"},{"sLibelleMention":"Catégorie","sLibelleValeur":"CAT-2-","iIdProduit":0,"iIdMention":790,"sTypeMention":"AUTR","iIdStatut":1,"iIdCombinaisonMention":"ee5777f7-5993-4967-b353-57875908afa9"},{"sLibelleMention":"Calibre","sLibelleValeur":"115/150G","iIdProduit":0,"iIdMention":791,"sTypeMention":"AUTR","iIdStatut":1,"iIdCombinaisonMention":"ee5777f7-5993-4967-b353-57875908afa9"},{"sLibelleMention":"Variété","sLibelleValeur":"OPAL","iIdProduit":0,"iIdMention":792,"sTypeMention":"AUTR","iIdStatut":1,"iIdCombinaisonMention":"ee5777f7-5993-4967-b353-57875908afa9"}],"objAvisClient":{"IdProduit":73689,"IdProduitBZV":105904,"Addon":"05","Note":{"Valeur":3.0,"IdPicto":159},"NbAvis":9},"sIdUnique":"Produit73689"},"lstEnfants":[]},{"objElement":{"sNoPointLivraison":"079111","iIdProduit":132928,"iIdRayon":284314,"iIdFamille":284557,"niIdSousFamille":284564,"sType":"Produit","sId":"132928","niIdPhotoEnLigne":2365511,"eIncitationLot":0,"sIdUniqueRayon":"Rayon284314","iIdElementPresentation":284356,"sLibelleLigne1":"Framboise Bio Village ","sLibelleLigne2":"125g","iQteDisponible":0,"sPrixUnitaire":"2,99 €","fAfficherPrixUnitaire":true,"nrPVBRIIDeduit":2.99,"sPrixPromo":"2,99 €","sPrixParUniteDeMesure":"23,92 € / kg","fAfficherPrixParUniteMesure":true,"nrPVMesureBRIIDeduit":23.92,"sUrlVignetteProduit":"https://fd7-photos.leclercdrive.fr/image.ashx?id=2365511&use=l&cat=p&typeid=i","fEstBRIIActifEtDisponible":false,"fBriiAffichageSticker":false,"fPrixAvantageux":false,"sUrlLogoBrii":"","sUrlStickerCampagne":"","sTexteLogoBRII":"Promotion BRII","sTexteTooltipLot":"","fEstVisiblePictoPromoTEL":false,"sCodeLotHeterogene":"","sUrlLogoTEL":"","sTexteLogoTel":"Promotion TEL","sLibellePictoAjouterProduit":"Ajouter au panier","sLibelleUrlNaviguerRayon":"Voir le rayon","iQuantitePanier":0,"rTotalAPayer":0.0,"sTotalAPayer":"0,00 €","sOrigineZoneDepeche":"ESPAGNE","fVoirRayon":false,"sUrlVoirRayon":"","eDisponibilite":1,"iIdElementPresentationPrincipale":284356,"fProduitSubstitution":false,"sTexteEcoParticipationPrix":"","fAppartientAUneListe":false,"sMsgHeaderPopinAuthen":"Vous devez être identifié(e) pour ajouter le produit à vos listes.","fAfficherTexteProduitIndispo":true,"sTexteProduitIndispo":"","sTexteProduitIndispoCarte":"","fGainsBRD":false,"eTypeProduit":1,"sUrlPageProduit":"https://fd7-courses.leclercdrive.fr/magasin-079111-Massy-Palaiseau/fiche-produits-132928-Framboise-Bio-Village-.aspx","iQteMinPanier":0,"iQteMaxPanier":1000,"sUrlLogoDemandeVocale":"/_res/release/_img/ascWCRS414_PanierBot/picto-commande-vocale.svg?v=638150862400000000","fEstDansDemandeVocale":false,"fEstProduitCategorieCommerciale":false,"lstMentionsProduit":[{"sLibelleMention":"Origine","sLibelleValeur":"ESPAGNE","iIdProduit":0,"iIdMention":494,"sTypeMention":"ORIG","iIdStatut":1,"iIdCombinaisonMention":"bdb1570e-bd8c-4d68-98ed-ba499ae66f63"},{"sLibelleMention":"Catégorie","sLibelleValeur":"CAT-2-","iIdProduit":0,"iIdMention":495,"sTypeMention":"AUTR","iIdStatut":1,"iIdCombinaisonMention":"bdb1570e-bd8c-4d68-98ed-ba499ae66f63"}],"objAvisClient":{"IdProduit":132928,"IdProduitBZV":41608,"Addon":"05","Note":{"Valeur":5.0,"IdPicto":163},"NbAvis":1},"sIdUnique":"Produit132928"},"lstEnfants":[]},{"objElement":{"sNoPointLivraison":"079111","iIdProduit":66978,"iIdRayon":284314,"iIdFamille":284557,"niIdSousFamille":284564,"sType":"Produit","sId":"66978","niIdPhotoEnLigne":2354686,"eIncitationLot":0,"sIdUniqueRayon":"Rayon284314","iIdElementPresentation":284356,"sLibelleLigne1":"Poire Bio Village","sLibelleLigne2":"x4","iQteDisponible":5,"sPrixUnitaire":"2,99 €","fAfficherPrixUnitaire":true,"nrPVBRIIDeduit":2.99,"sPrixPromo":"2,99 €","sPrixParUniteDeMesure":"0,75 € / p","fAfficherPrixParUniteMesure":true,"nrPVMesureBRIIDeduit":0.75,"sUrlVignetteProduit":"https://fd7-photos.leclercdrive.fr/image.ashx?id=2354686&use=l&cat=p&typeid=i","fEstBRIIActifEtDisponible":false,"fBriiAffichageSticker":false,"fPrixAvantageux":false,"sUrlLogoBrii":"","sUrlStickerCampagne":"","sTexteLogoBRII":"Promotion BRII","sTexteTooltipLot":"","fEstVisiblePictoPromoTEL":false,"sCodeLotHeterogene":"","sUrlLogoTEL":"","sTexteLogoTel":"Promotion TEL","sLibellePictoAjouterProduit":"Ajouter au panier","sLibelleUrlNaviguerRayon":"Voir le rayon","iQuantitePanier":0,"rTotalAPayer":0.0,"sTotalAPayer":"0,00 €","sOrigineZoneDepeche":"FRANCE","fVoirRayon":false,"sUrlVoirRayon":"","eDisponibilite":0,"iIdElementPresentationPrincipale":284356,"fProduitSubstitution":false,"sTexteEcoParticipationPrix":"","fAppartientAUneListe":false,"sMsgHeaderPopinAuthen":"Vous devez être identifié(e) pour ajouter le produit à vos listes.","fAfficherTexteProduitIndispo":false,"sTexteProduitIndispo":"","sTexteProduitIndispoCarte":"","fGainsBRD":false,"eTypeProduit":1,"sUrlPageProduit":"https://fd7-courses.leclercdrive.fr/magasin-079111-Massy-Palaiseau/fiche-produits-66978-Poire-Bio-Village.aspx","iQteMinPanier":0,"iQteMaxPanier":1000,"sUrlLogoDemandeVocale":"/_res/release/_img/ascWCRS414_PanierBot/picto-commande-vocale.svg?v=638150862400000000","fEstDansDemandeVocale":false,"fEstProduitCategorieCommerciale":false,"lstMentionsProduit":[{"sLibelleMention":"Origine","sLibelleValeur":"FRANCE","iIdProduit":0,"iIdMention":739,"sTypeMention":"ORIG","iIdStatut":1,"iIdCombinaisonMention":"f079a346-740b-4f51-931a-7912a458f32e"},{"sLibelleMention":"Catégorie","sLibelleValeur":"CAT-2-","iIdProduit":0,"iIdMention":740,"sTypeMention":"AUTR","iIdStatut":1,"iIdCombinaisonMention":"f079a346-740b-4f51-931a-7912a458f32e"},{"sLibelleMention":"Calibre","sLibelleValeur":"55/60MM","iIdProduit":0,"iIdMention":741,"sTypeMention":"AUTR","iIdStatut":1,"iIdCombinaisonMention":"f079a346-740b-4f51-931a-7912a458f32e"},{"sLibelleMention":"Variété","sLibelleValeur":"GUYOT","iIdProduit":0,"iIdMention":742,"sTypeMention":"AUTR","iIdStatut":1,"iIdCombinaisonMention":"f079a346-740b-4f51-931a-7912a458f32e"}],"objAvisClient":{"IdProduit":66978,"IdProduitBZV":109114,"Addon":"05","Note":{"Valeur":3.0,"IdPicto":159},"NbAvis":10},"sIdUnique":"Produit66978"},"lstEnfants":[]},{"objElement":{"sNoPointLivraison":"079111","iIdProduit":187942,"iIdRayon":284314,"iIdFamille":284557,"niIdSousFamille":289968,"sType":"Produit","sId":"187942","niIdPhotoEnLigne":2418167,"eIncitationLot":0,"sIdUniqueRayon":"Rayon284314","iIdElementPresentation":284352,"sLibelleLigne1":"Carottes Bio Village","sLibelleLigne2":"1.5kg","iQteDisponible":0,"sPrixUnitaire":"2,99 €","fAfficherPrixUnitaire":false,"nrPVBRIIDeduit":2.99,"sPrixPromo":"2,99 €","sPrixParUniteDeMesure":"1,99 € / kg","fAfficherPrixParUniteMesure":false,"nrPVMesureBRIIDeduit":1.99,"sUrlVignetteProduit":"https://fd7-photos.leclercdrive.fr/image.ashx?id=2418167&use=l&cat=p&typeid=i","fEstBRIIActifEtDisponible":false,"fBriiAffichageSticker":false,"fPrixAvantageux":false,"sUrlLogoBrii":"","sUrlStickerCampagne":"","sTexteLogoBRII":"Promotion BRII","sTexteTooltipLot":"","fEstVisiblePictoPromoTEL":false,"sCodeLotHeterogene":"","sUrlLogoTEL":"","sTexteLogoTel":"Promotion TEL","sLibellePictoAjouterProduit":"Ajouter au panier","sLibelleUrlNaviguerRayon":"Voir le rayon","iQuantitePanier":0,"rTotalAPayer":0.0,"sTotalAPayer":"0,00 €","sOrigineZoneDepeche":"FRANCE","fVoirRayon":false,"sUrlVoirRayon":"","eDisponibilite":1,"iIdElementPresentationPrincipale":284352,"fProduitSubstitution":true,"sTexteEcoParticipationPrix":"","fAppartientAUneListe":false,"sMsgHeaderPopinAuthen":"Vous devez être identifié(e) pour ajouter le produit à vos listes.","fAfficherTexteProduitIndispo":true,"sTexteProduitIndispo":"","sTexteProduitIndispoCarte":"","fGainsBRD":false,"eTypeProduit":1,"sUrlPageProduit":"https://fd7-courses.leclercdrive.fr/magasin-079111-Massy-Palaiseau/fiche-produits-187942-Carottes-Bio-Village.aspx","iQteMinPanier":0,"iQteMaxPanier":1000,"sUrlLogoDemandeVocale":"/_res/release/_img/ascWCRS414_PanierBot/picto-commande-vocale.svg?v=638150862400000000","fEstDansDemandeVocale":false,"fEstProduitCategorieCommerciale":false,"lstMentionsProduit":[{"sLibelleMention":"Origine","sLibelleValeur":"FRANCE","iIdProduit":0,"iIdMention":252,"sTypeMention":"ORIG","iIdStatut":1,"iIdCombinaisonMention":"ac058dd2-fba2-40aa-9578-995a8a69c944"},{"sLibelleMention":"Catégorie","sLibelleValeur":"CAT-1-","iIdProduit":0,"iIdMention":253,"sTypeMention":"AUTR","iIdStatut":1,"iIdCombinaisonMention":"ac058dd2-fba2-40aa-9578-995a8a69c944"},{"sLibelleMention":"Calibre","sLibelleValeur":"25/40MM","iIdProduit":0,"iIdMention":254,"sTypeMention":"AUTR","iIdStatut":1,"iIdCombinaisonMention":"ac058dd2-fba2-40aa-9578-995a8a69c944"}],"objAvisClient":{"IdProduit":187942,"IdProduitBZV":127655,"Addon":"05","Note":{"Valeur":3.5,"IdPicto":160},"NbAvis":8},"sIdUnique":"Produit187942"},"lstEnfants":[]},{"objElement":{"sNoPointLivraison":"079111","iIdProduit":10324,"iIdRayon":284314,"iIdFamille":284557,"niIdSousFamille":289968,"sType":"Produit","sId":"10324","niIdPhotoEnLigne":2233286,"eIncitationLot":0,"sIdUniqueRayon":"Rayon284314","iIdElementPresentation":284352,"sLibelleLigne1":"Pommes de terre Bio Village","sLibelleLigne2":"Vapeur et saut&#233;es  - 1.5kg","iQteDisponible":0,"sPrixUnitaire":"2,79 €","fAfficherPrixUnitaire":false,"nrPVBRIIDeduit":2.79,"sPrixPromo":"2,79 €","sPrixParUniteDeMesure":"1,86 € / kg","fAfficherPrixParUniteMesure":false,"nrPVMesureBRIIDeduit":1.86,"sUrlVignetteProduit":"https://fd7-photos.leclercdrive.fr/image.ashx?id=2233286&use=l&cat=p&typeid=i","fEstBRIIActifEtDisponible":false,"fBriiAffichageSticker":false,"fPrixAvantageux":false,"sUrlLogoBrii":"","sUrlStickerCampagne":"","sTexteLogoBRII":"Promotion BRII","sTexteTooltipLot":"","fEstVisiblePictoPromoTEL":false,"sCodeLotHeterogene":"","sUrlLogoTEL":"","sTexteLogoTel":"Promotion TEL","sLibellePictoAjouterProduit":"Ajouter au panier","sLibelleUrlNaviguerRayon":"Voir le rayon","iQuantitePanier":0,"rTotalAPayer":0.0,"sTotalAPayer":"0,00 €","sOrigineZoneDepeche":"FRANCE","fVoirRayon":false,"sUrlVoirRayon":"","eDisponibilite":1,"iIdElementPresentationPrincipale":284352,"fProduitSubstitution":true,"sTexteEcoParticipationPrix":"","fAppartientAUneListe":false,"sMsgHeaderPopinAuthen":"Vous devez être identifié(e) pour ajouter le produit à vos listes.","fAfficherTexteProduitIndispo":true,"sTexteProduitIndispo":"","sTexteProduitIndispoCarte":"","fGainsBRD":false,"eTypeProduit":1,"sUrlPageProduit":"https://fd7-courses.leclercdrive.fr/magasin-079111-Massy-Palaiseau/fiche-produits-10324-Pommes-de-terre-Bio-Village.aspx","iQteMinPanier":0,"iQteMaxPanier":1000,"sUrlLogoDemandeVocale":"/_res/release/_img/ascWCRS414_PanierBot/picto-commande-vocale.svg?v=638150862400000000","fEstDansDemandeVocale":false,"fEstProduitCategorieCommerciale":false,"lstMentionsProduit":[{"sLibelleMention":"Origine","sLibelleValeur":"FRANCE","iIdProduit":0,"iIdMention":795,"sTypeMention":"ORIG","iIdStatut":1,"iIdCombinaisonMention":"da9842e7-75c4-4fb3-8743-5664534e07a2"},{"sLibelleMention":"Catégorie","sLibelleValeur":"CAT-2-","iIdProduit":0,"iIdMention":796,"sTypeMention":"AUTR","iIdStatut":1,"iIdCombinaisonMention":"da9842e7-75c4-4fb3-8743-5664534e07a2"},{"sLibelleMention":"Calibre","sLibelleValeur":"35/55MM","iIdProduit":0,"iIdMention":797,"sTypeMention":"AUTR","iIdStatut":1,"iIdCombinaisonMention":"da9842e7-75c4-4fb3-8743-5664534e07a2"},{"sLibelleMention":"Variété","sLibelleValeur":"ALLIANS","iIdProduit":0,"iIdMention":798,"sTypeMention":"AUTR","iIdStatut":1,"iIdCombinaisonMention":"da9842e7-75c4-4fb3-8743-5664534e07a2"},{"sLibelleMention":"Nature","sLibelleValeur":"De consommation à chair ferme","iIdProduit":0,"iIdMention":991,"sTypeMention":"AUTR","iIdStatut":1,"iIdCombinaisonMention":"da9842e7-75c4-4fb3-8743-5664534e07a2"},{"sLibelleMention":"Traitement","sLibelleValeur":"Traitement anti-germinatif","iIdProduit":0,"iIdMention":800,"sTypeMention":"AUTR","iIdStatut":1,"iIdCombinaisonMention":"da9842e7-75c4-4fb3-8743-5664534e07a2"}],"objAvisClient":{"IdProduit":10324,"IdProduitBZV":53317,"Addon":"00","Note":{"Valeur":4.5,"IdPicto":162},"NbAvis":27},"sIdUnique":"Produit10324"},"lstEnfants":[]},{"objElement":{"sNoPointLivraison":"079111","iIdProduit":46498,"iIdRayon":284314,"iIdFamille":284557,"niIdSousFamille":289968,"sType":"Produit","sId":"46498","niIdPhotoEnLigne":2233292,"eIncitationLot":0,"sIdUniqueRayon":"Rayon284314","iIdElementPresentation":284352,"sLibelleLigne1":"Pomme de terre Bio Village","sLibelleLigne2":"Four Potage - 1.5kg","iQteDisponible":5,"sPrixUnitaire":"2,79 €","fAfficherPrixUnitaire":true,"nrPVBRIIDeduit":2.79,"sPrixPromo":"2,79 €","sPrixParUniteDeMesure":"1,86 € / kg","fAfficherPrixParUniteMesure":true,"nrPVMesureBRIIDeduit":1.86,"sUrlVignetteProduit":"https://fd7-photos.leclercdrive.fr/image.ashx?id=2233292&use=l&cat=p&typeid=i","fEstBRIIActifEtDisponible":false,"fBriiAffichageSticker":false,"fPrixAvantageux":false,"sUrlLogoBrii":"","sUrlStickerCampagne":"","sTexteLogoBRII":"Promotion BRII","sTexteTooltipLot":"","fEstVisiblePictoPromoTEL":false,"sCodeLotHeterogene":"","sUrlLogoTEL":"","sTexteLogoTel":"Promotion TEL","sLibellePictoAjouterProduit":"Ajouter au panier","sLibelleUrlNaviguerRayon":"Voir le rayon","iQuantitePanier":0,"rTotalAPayer":0.0,"sTotalAPayer":"0,00 €","sOrigineZoneDepeche":"FRANCE","fVoirRayon":false,"sUrlVoirRayon":"","eDisponibilite":0,"iIdElementPresentationPrincipale":284352,"fProduitSubstitution":false,"sTexteEcoParticipationPrix":"","fAppartientAUneListe":false,"sMsgHeaderPopinAuthen":"Vous devez être identifié(e) pour ajouter le produit à vos listes.","fAfficherTexteProduitIndispo":false,"sTexteProduitIndispo":"","sTexteProduitIndispoCarte":"","fGainsBRD":false,"eTypeProduit":1,"sUrlPageProduit":"https://fd7-courses.leclercdrive.fr/magasin-079111-Massy-Palaiseau/fiche-produits-46498-Pomme-de-terre-Bio-Village.aspx","iQteMinPanier":0,"iQteMaxPanier":1000,"sUrlLogoDemandeVocale":"/_res/release/_img/ascWCRS414_PanierBot/picto-commande-vocale.svg?v=638150862400000000","fEstDansDemandeVocale":false,"fEstProduitCategorieCommerciale":false,"lstMentionsProduit":[{"sLibelleMention":"Origine","sLibelleValeur":"FRANCE","iIdProduit":0,"iIdMention":795,"sTypeMention":"ORIG","iIdStatut":1,"iIdCombinaisonMention":"13157973-b2c2-4eab-9e8a-a33bf2bb0264"},{"sLibelleMention":"Catégorie","sLibelleValeur":"CAT-2-","iIdProduit":0,"iIdMention":796,"sTypeMention":"AUTR","iIdStatut":1,"iIdCombinaisonMention":"13157973-b2c2-4eab-9e8a-a33bf2bb0264"},{"sLibelleMention":"Calibre","sLibelleValeur":"40/50MM","iIdProduit":0,"iIdMention":797,"sTypeMention":"AUTR","iIdStatut":1,"iIdCombinaisonMention":"13157973-b2c2-4eab-9e8a-a33bf2bb0264"},{"sLibelleMention":"Variété","sLibelleValeur":"RIKEA","iIdProduit":0,"iIdMention":798,"sTypeMention":"AUTR","iIdStatut":1,"iIdCombinaisonMention":"13157973-b2c2-4eab-9e8a-a33bf2bb0264"},{"sLibelleMention":"Nature","sLibelleValeur":"De consommation","iIdProduit":0,"iIdMention":991,"sTypeMention":"AUTR","iIdStatut":1,"iIdCombinaisonMention":"13157973-b2c2-4eab-9e8a-a33bf2bb0264"},{"sLibelleMention":"Traitement","sLibelleValeur":"*","iIdProduit":0,"iIdMention":800,"sTypeMention":"AUTR","iIdStatut":1,"iIdCombinaisonMention":"13157973-b2c2-4eab-9e8a-a33bf2bb0264"}],"objAvisClient":{"IdProduit":46498,"IdProduitBZV":63612,"Addon":"00","Note":{"Valeur":2.5,"IdPicto":158},"NbAvis":8},"sIdUnique":"Produit46498"},"lstEnfants":[]},{"objElement":{"sNoPointLivraison":"079111","iIdProduit":75587,"iIdRayon":284314,"iIdFamille":284557,"niIdSousFamille":289968,"sType":"Produit","sId":"75587","niIdPhotoEnLigne":2232261,"eIncitationLot":0,"sIdUniqueRayon":"Rayon284314","iIdElementPresentation":284352,"sLibelleLigne1":"Oignon jaune Bio village","sLibelleLigne2":"1kg","iQteDisponible":0,"sPrixUnitaire":"2,49 €","fAfficherPrixUnitaire":false,"nrPVBRIIDeduit":2.49,"sPrixPromo":"2,49 €","sPrixParUniteDeMesure":"2,49 € / kg","fAfficherPrixParUniteMesure":false,"nrPVMesureBRIIDeduit":2.49,"sUrlVignetteProduit":"https://fd7-photos.leclercdrive.fr/image.ashx?id=2232261&use=l&cat=p&typeid=i","fEstBRIIActifEtDisponible":false,"fBriiAffichageSticker":false,"fPrixAvantageux":false,"sUrlLogoBrii":"","sUrlStickerCampagne":"","sTexteLogoBRII":"Promotion BRII","sTexteTooltipLot":"","fEstVisiblePictoPromoTEL":false,"sCodeLotHeterogene":"","sUrlLogoTEL":"","sTexteLogoTel":"Promotion TEL","sLibellePictoAjouterProduit":"Ajouter au panier","sLibelleUrlNaviguerRayon":"Voir le rayon","iQuantitePanier":0,"rTotalAPayer":0.0,"sTotalAPayer":"0,00 €","sOrigineZoneDepeche":"FRANCE","fVoirRayon":false,"sUrlVoirRayon":"","eDisponibilite":1,"iIdElementPresentationPrincipale":284352,"fProduitSubstitution":true,"sTexteEcoParticipationPrix":"","fAppartientAUneListe":false,"sMsgHeaderPopinAuthen":"Vous devez être identifié(e) pour ajouter le produit à vos listes.","fAfficherTexteProduitIndispo":true,"sTexteProduitIndispo":"","sTexteProduitIndispoCarte":"","fGainsBRD":false,"eTypeProduit":1,"sUrlPageProduit":"https://fd7-courses.leclercdrive.fr/magasin-079111-Massy-Palaiseau/fiche-produits-75587-Oignon-jaune-Bio-village.aspx","iQteMinPanier":0,"iQteMaxPanier":1000,"sUrlLogoDemandeVocale":"/_res/release/_img/ascWCRS414_PanierBot/picto-commande-vocale.svg?v=638150862400000000","fEstDansDemandeVocale":false,"fEstProduitCategorieCommerciale":false,"lstMentionsProduit":[{"sLibelleMention":"Origine","sLibelleValeur":"FRANCE","iIdProduit":0,"iIdMention":654,"sTypeMention":"ORIG","iIdStatut":1,"iIdCombinaisonMention":"eb14abfd-4e84-4410-8bf2-2d737c0ccec9"},{"sLibelleMention":"Catégorie","sLibelleValeur":"CAT-2-","iIdProduit":0,"iIdMention":655,"sTypeMention":"AUTR","iIdStatut":1,"iIdCombinaisonMention":"eb14abfd-4e84-4410-8bf2-2d737c0ccec9"},{"sLibelleMention":"Calibre","sLibelleValeur":"40/60MM","iIdProduit":0,"iIdMention":656,"sTypeMention":"AUTR","iIdStatut":1,"iIdCombinaisonMention":"eb14abfd-4e84-4410-8bf2-2d737c0ccec9"}],"objAvisClient":{"IdProduit":75587,"IdProduitBZV":76624,"Addon":"00","Note":{"Valeur":2.0,"IdPicto":157},"NbAvis":9},"sIdUnique":"Produit75587"},"lstEnfants":[]},{"objElement":{"sNoPointLivraison":"079111","iIdProduit":75593,"iIdRayon":284314,"iIdFamille":284557,"niIdSousFamille":289968,"sType":"Produit","sId":"75593","niIdPhotoEnLigne":2232267,"eIncitationLot":0,"sIdUniqueRayon":"Rayon284314","iIdElementPresentation":284352,"sLibelleLigne1":"Ail blanc Bio Village","sLibelleLigne2":"250g","iQteDisponible":6,"sPrixUnitaire":"3,49 €","fAfficherPrixUnitaire":true,"nrPVBRIIDeduit":3.49,"sPrixPromo":"3,49 €","sPrixParUniteDeMesure":"13,96 € / kg","fAfficherPrixParUniteMesure":true,"nrPVMesureBRIIDeduit":13.96,"sUrlVignetteProduit":"https://fd7-photos.leclercdrive.fr/image.ashx?id=2232267&use=l&cat=p&typeid=i","fEstBRIIActifEtDisponible":false,"fBriiAffichageSticker":false,"fPrixAvantageux":false,"sUrlLogoBrii":"","sUrlStickerCampagne":"","sTexteLogoBRII":"Promotion BRII","sTexteTooltipLot":"","fEstVisiblePictoPromoTEL":false,"sCodeLotHeterogene":"","sUrlLogoTEL":"","sTexteLogoTel":"Promotion TEL","sLibellePictoAjouterProduit":"Ajouter au panier","sLibelleUrlNaviguerRayon":"Voir le rayon","iQuantitePanier":0,"rTotalAPayer":0.0,"sTotalAPayer":"0,00 €","sOrigineZoneDepeche":"FRANCE","fVoirRayon":false,"sUrlVoirRayon":"","eDisponibilite":0,"iIdElementPresentationPrincipale":284352,"fProduitSubstitution":false,"sTexteEcoParticipationPrix":"","fAppartientAUneListe":false,"sMsgHeaderPopinAuthen":"Vous devez être identifié(e) pour ajouter le produit à vos listes.","fAfficherTexteProduitIndispo":false,"sTexteProduitIndispo":"","sTexteProduitIndispoCarte":"","fGainsBRD":false,"eTypeProduit":1,"sUrlPageProduit":"https://fd7-courses.leclercdrive.fr/magasin-079111-Massy-Palaiseau/fiche-produits-75593-Ail-blanc-Bio-Village.aspx","iQteMinPanier":0,"iQteMaxPanier":1000,"sUrlLogoDemandeVocale":"/_res/release/_img/ascWCRS414_PanierBot/picto-commande-vocale.svg?v=638150862400000000","fEstDansDemandeVocale":false,"fEstProduitCategorieCommerciale":false,"lstMentionsProduit":[{"sLibelleMention":"Origine","sLibelleValeur":"FRANCE","iIdProduit":0,"iIdMention":126,"sTypeMention":"ORIG","iIdStatut":1,"iIdCombinaisonMention":"8ed01966-2890-4d2a-8203-86eb277704df"},{"sLibelleMention":"Catégorie","sLibelleValeur":"CAT-2-","iIdProduit":0,"iIdMention":127,"sTypeMention":"AUTR","iIdStatut":1,"iIdCombinaisonMention":"8ed01966-2890-4d2a-8203-86eb277704df"},{"sLibelleMention":"Calibre","sLibelleValeur":"40/60MM","iIdProduit":0,"iIdMention":128,"sTypeMention":"AUTR","iIdStatut":1,"iIdCombinaisonMention":"8ed01966-2890-4d2a-8203-86eb277704df"}],"objAvisClient":{"IdProduit":75593,"IdProduitBZV":76632,"Addon":"05","Note":{"Valeur":1.0,"IdPicto":155},"NbAvis":9},"sIdUnique":"Produit75593"},"lstEnfants":[]},{"objElement":{"sNoPointLivraison":"079111","iIdProduit":20715,"iIdRayon":284314,"iIdFamille":284557,"niIdSousFamille":289968,"sType":"Produit","sId":"20715","niIdPhotoEnLigne":2233289,"eIncitationLot":0,"sIdUniqueRayon":"Rayon284314","iIdElementPresentation":284352,"sLibelleLigne1":"Betterave rouge Bio Village","sLibelleLigne2":" 500g","iQteDisponible":13,"sPrixUnitaire":"1,19 €","fAfficherPrixUnitaire":true,"nrPVBRIIDeduit":1.19,"sPrixPromo":"1,19 €","sPrixParUniteDeMesure":"2,38 € / kg","fAfficherPrixParUniteMesure":true,"nrPVMesureBRIIDeduit":2.38,"sUrlVignetteProduit":"https://fd7-photos.leclercdrive.fr/image.ashx?id=2233289&use=l&cat=p&typeid=i","fEstBRIIActifEtDisponible":false,"fBriiAffichageSticker":false,"fPrixAvantageux":false,"sUrlLogoBrii":"","sUrlStickerCampagne":"","sTexteLogoBRII":"Promotion BRII","sTexteTooltipLot":"","fEstVisiblePictoPromoTEL":false,"sCodeLotHeterogene":"","sUrlLogoTEL":"","sTexteLogoTel":"Promotion TEL","sLibellePictoAjouterProduit":"Ajouter au panier","sLibelleUrlNaviguerRayon":"Voir le rayon","iQuantitePanier":0,"rTotalAPayer":0.0,"sTotalAPayer":"0,00 €","sOrigineZoneDepeche":"","fVoirRayon":false,"sUrlVoirRayon":"","eDisponibilite":0,"iIdElementPresentationPrincipale":284352,"fProduitSubstitution":false,"sTexteEcoParticipationPrix":"","fAppartientAUneListe":false,"sMsgHeaderPopinAuthen":"Vous devez être identifié(e) pour ajouter le produit à vos listes.","fAfficherTexteProduitIndispo":false,"sTexteProduitIndispo":"","sTexteProduitIndispoCarte":"","fGainsBRD":false,"eTypeProduit":1,"sUrlPageProduit":"https://fd7-courses.leclercdrive.fr/magasin-079111-Massy-Palaiseau/fiche-produits-20715-Betterave-rouge-Bio-Village.aspx","iQteMinPanier":0,"iQteMaxPanier":1000,"sUrlLogoDemandeVocale":"/_res/release/_img/ascWCRS414_PanierBot/picto-commande-vocale.svg?v=638150862400000000","fEstDansDemandeVocale":false,"fEstProduitCategorieCommerciale":false,"lstMentionsProduit":[],"objAvisClient":{"IdProduit":20715,"IdProduitBZV":10785,"Addon":"01","Note":{"Valeur":4.5,"IdPicto":162},"NbAvis":6},"sIdUnique":"Produit20715"},"lstEnfants":[]},{"objElement":{"sNoPointLivraison":"079111","iIdProduit":93029,"iIdRayon":284314,"iIdFamille":284557,"niIdSousFamille":289968,"sType":"Produit","sId":"93029","niIdPhotoEnLigne":2322956,"eIncitationLot":0,"sIdUniqueRayon":"Rayon284314","iIdElementPresentation":284352,"sLibelleLigne1":"Poireau Bio Village","sLibelleLigne2":"750g","iQteDisponible":0,"sPrixUnitaire":"2,79 €","fAfficherPrixUnitaire":false,"nrPVBRIIDeduit":2.79,"sPrixPromo":"2,79 €","sPrixParUniteDeMesure":"3,72 € / kg","fAfficherPrixParUniteMesure":false,"nrPVMesureBRIIDeduit":3.72,"sUrlVignetteProduit":"https://fd7-photos.leclercdrive.fr/image.ashx?id=2322956&use=l&cat=p&typeid=i","fEstBRIIActifEtDisponible":false,"fBriiAffichageSticker":false,"fPrixAvantageux":false,"sUrlLogoBrii":"","sUrlStickerCampagne":"","sTexteLogoBRII":"Promotion BRII","sTexteTooltipLot":"","fEstVisiblePictoPromoTEL":false,"sCodeLotHeterogene":"","sUrlLogoTEL":"","sTexteLogoTel":"Promotion TEL","sLibellePictoAjouterProduit":"Ajouter au panier","sLibelleUrlNaviguerRayon":"Voir le rayon","iQuantitePanier":0,"rTotalAPayer":0.0,"sTotalAPayer":"0,00 €","sOrigineZoneDepeche":"FRANCE","fVoirRayon":false,"sUrlVoirRayon":"","eDisponibilite":1,"iIdElementPresentationPrincipale":284352,"fProduitSubstitution":true,"sTexteEcoParticipationPrix":"","fAppartientAUneListe":false,"sMsgHeaderPopinAuthen":"Vous devez être identifié(e) pour ajouter le produit à vos listes.","fAfficherTexteProduitIndispo":true,"sTexteProduitIndispo":"","sTexteProduitIndispoCarte":"","fGainsBRD":false,"eTypeProduit":1,"sUrlPageProduit":"https://fd7-courses.leclercdrive.fr/magasin-079111-Massy-Palaiseau/fiche-produits-93029-Poireau-Bio-Village.aspx","iQteMinPanier":0,"iQteMaxPanier":1000,"sUrlLogoDemandeVocale":"/_res/release/_img/ascWCRS414_PanierBot/picto-commande-vocale.svg?v=638150862400000000","fEstDansDemandeVocale":false,"fEstProduitCategorieCommerciale":false,"lstMentionsProduit":[{"sLibelleMention":"Origine","sLibelleValeur":"FRANCE","iIdProduit":0,"iIdMention":745,"sTypeMention":"ORIG","iIdStatut":1,"iIdCombinaisonMention":"d608645e-ae2e-4d60-9633-53da19de704c"},{"sLibelleMention":"Catégorie","sLibelleValeur":"CAT-2-","iIdProduit":0,"iIdMention":746,"sTypeMention":"AUTR","iIdStatut":1,"iIdCombinaisonMention":"d608645e-ae2e-4d60-9633-53da19de704c"}],"objAvisClient":{"IdProduit":93029,"IdProduitBZV":8793,"Addon":"05","Note":{"Valeur":3.0,"IdPicto":159},"NbAvis":9},"sIdUnique":"Produit93029"},"lstEnfants":[]},{"objElement":{"sNoPointLivraison":"079111","iIdProduit":177941,"iIdRayon":284314,"iIdFamille":284557,"niIdSousFamille":289968,"sType":"Produit","sId":"177941","niIdPhotoEnLigne":2309087,"eIncitationLot":0,"sIdUniqueRayon":"Rayon284314","iIdElementPresentation":284352,"sLibelleLigne1":"Courgettes Bio Village","sLibelleLigne2":"Filet 750g","iQteDisponible":2,"sPrixUnitaire":"2,49 €","fAfficherPrixUnitaire":true,"nrPVBRIIDeduit":2.49,"sPrixPromo":"2,49 €","sPrixParUniteDeMesure":"3,32 € / kg","fAfficherPrixParUniteMesure":true,"nrPVMesureBRIIDeduit":3.32,"sUrlVignetteProduit":"https://fd7-photos.leclercdrive.fr/image.ashx?id=2309087&use=l&cat=p&typeid=i","fEstBRIIActifEtDisponible":false,"fBriiAffichageSticker":false,"fPrixAvantageux":false,"sUrlLogoBrii":"","sUrlStickerCampagne":"","sTexteLogoBRII":"Promotion BRII","sTexteTooltipLot":"","fEstVisiblePictoPromoTEL":false,"sCodeLotHeterogene":"","sUrlLogoTEL":"","sTexteLogoTel":"Promotion TEL","sLibellePictoAjouterProduit":"Ajouter au panier","sLibelleUrlNaviguerRayon":"Voir le rayon","iQuantitePanier":0,"rTotalAPayer":0.0,"sTotalAPayer":"0,00 €","sOrigineZoneDepeche":"ESPAGNE","fVoirRayon":false,"sUrlVoirRayon":"","eDisponibilite":0,"iIdElementPresentationPrincipale":284352,"fProduitSubstitution":false,"sTexteEcoParticipationPrix":"","fAppartientAUneListe":false,"sMsgHeaderPopinAuthen":"Vous devez être identifié(e) pour ajouter le produit à vos listes.","fAfficherTexteProduitIndispo":false,"sTexteProduitIndispo":"","sTexteProduitIndispoCarte":"","fGainsBRD":false,"eTypeProduit":1,"sUrlPageProduit":"https://fd7-courses.leclercdrive.fr/magasin-079111-Massy-Palaiseau/fiche-produits-177941-Courgettes-Bio-Village.aspx","iQteMinPanier":0,"iQteMaxPanier":1000,"sUrlLogoDemandeVocale":"/_res/release/_img/ascWCRS414_PanierBot/picto-commande-vocale.svg?v=638150862400000000","fEstDansDemandeVocale":false,"fEstProduitCategorieCommerciale":false,"lstMentionsProduit":[{"sLibelleMention":"Origine","sLibelleValeur":"ESPAGNE","iIdProduit":0,"iIdMention":431,"sTypeMention":"ORIG","iIdStatut":1,"iIdCombinaisonMention":"1a4cf41c-c114-4d0d-b357-dce7edd80268"},{"sLibelleMention":"Catégorie","sLibelleValeur":"CAT-2-","iIdProduit":0,"iIdMention":432,"sTypeMention":"AUTR","iIdStatut":1,"iIdCombinaisonMention":"1a4cf41c-c114-4d0d-b357-dce7edd80268"},{"sLibelleMention":"Calibre","sLibelleValeur":"14/21CM","iIdProduit":0,"iIdMention":433,"sTypeMention":"AUTR","iIdStatut":1,"iIdCombinaisonMention":"1a4cf41c-c114-4d0d-b357-dce7edd80268"}],"objAvisClient":{"IdProduit":177941,"IdProduitBZV":119578,"Addon":"05","Note":{"Valeur":2.5,"IdPicto":158},"NbAvis":8},"sIdUnique":"Produit177941"},"lstEnfants":[]},{"objElement":{"sNoPointLivraison":"079111","iIdProduit":92452,"iIdRayon":284314,"iIdFamille":284557,"niIdSousFamille":289968,"sType":"Produit","sId":"92452","niIdPhotoEnLigne":2232291,"eIncitationLot":0,"sIdUniqueRayon":"Rayon284314","iIdElementPresentation":284352,"sLibelleLigne1":"Tomate cerise Bio Village","sLibelleLigne2":"250g","iQteDisponible":11,"sPrixUnitaire":"1,99 €","fAfficherPrixUnitaire":true,"nrPVBRIIDeduit":1.99,"sPrixPromo":"1,99 €","sPrixParUniteDeMesure":"7,96 € / kg","fAfficherPrixParUniteMesure":true,"nrPVMesureBRIIDeduit":7.96,"sUrlVignetteProduit":"https://fd7-photos.leclercdrive.fr/image.ashx?id=2232291&use=l&cat=p&typeid=i","fEstBRIIActifEtDisponible":false,"fBriiAffichageSticker":false,"fPrixAvantageux":false,"sUrlLogoBrii":"","sUrlStickerCampagne":"","sTexteLogoBRII":"Promotion BRII","sTexteTooltipLot":"","fEstVisiblePictoPromoTEL":false,"sCodeLotHeterogene":"","sUrlLogoTEL":"","sTexteLogoTel":"Promotion TEL","sLibellePictoAjouterProduit":"Ajouter au panier","sLibelleUrlNaviguerRayon":"Voir le rayon","iQuantitePanier":0,"rTotalAPayer":0.0,"sTotalAPayer":"0,00 €","sOrigineZoneDepeche":"FRANCE","fVoirRayon":false,"sUrlVoirRayon":"","eDisponibilite":0,"iIdElementPresentationPrincipale":284352,"fProduitSubstitution":false,"sTexteEcoParticipationPrix":"","fAppartientAUneListe":false,"sMsgHeaderPopinAuthen":"Vous devez être identifié(e) pour ajouter le produit à vos listes.","fAfficherTexteProduitIndispo":false,"sTexteProduitIndispo":"","sTexteProduitIndispoCarte":"","fGainsBRD":false,"eTypeProduit":1,"sUrlPageProduit":"https://fd7-courses.leclercdrive.fr/magasin-079111-Massy-Palaiseau/fiche-produits-92452-Tomate-cerise-Bio-Village.aspx","iQteMinPanier":0,"iQteMaxPanier":1000,"sUrlLogoDemandeVocale":"/_res/release/_img/ascWCRS414_PanierBot/picto-commande-vocale.svg?v=638150862400000000","fEstDansDemandeVocale":false,"fEstProduitCategorieCommerciale":false,"lstMentionsProduit":[{"sLibelleMention":"Origine","sLibelleValeur":"FRANCE","iIdProduit":0,"iIdMention":941,"sTypeMention":"ORIG","iIdStatut":1,"iIdCombinaisonMention":"bc503476-1a34-439d-b704-64120613371a"},{"sLibelleMention":"Catégorie","sLibelleValeur":"CAT-2-","iIdProduit":0,"iIdMention":942,"sTypeMention":"AUTR","iIdStatut":1,"iIdCombinaisonMention":"bc503476-1a34-439d-b704-64120613371a"}],"objAvisClient":{"IdProduit":92452,"IdProduitBZV":8755,"Addon":"05","Note":{"Valeur":2.0,"IdPicto":157},"NbAvis":17},"sIdUnique":"Produit92452"},"lstEnfants":[]},{"objElement":{"sNoPointLivraison":"079111","iIdProduit":8444,"iIdRayon":284314,"iIdFamille":284557,"niIdSousFamille":289968,"sType":"Produit","sId":"8444","niIdPhotoEnLigne":1633076,"eIncitationLot":0,"sIdUniqueRayon":"Rayon284314","iIdElementPresentation":284352,"sLibelleLigne1":"Tomate cerise Bio","sLibelleLigne2":" 250g          ","iQteDisponible":6,"sPrixUnitaire":"2,49 €","fAfficherPrixUnitaire":true,"nrPVBRIIDeduit":2.49,"sPrixPromo":"2,49 €","sPrixParUniteDeMesure":"9,96 € / kg","fAfficherPrixParUniteMesure":true,"nrPVMesureBRIIDeduit":9.96,"sUrlVignetteProduit":"https://fd7-photos.leclercdrive.fr/image.ashx?id=1633076&use=l&cat=p&typeid=i","fEstBRIIActifEtDisponible":false,"fBriiAffichageSticker":false,"fPrixAvantageux":false,"sUrlLogoBrii":"","sUrlStickerCampagne":"","sTexteLogoBRII":"Promotion BRII","sTexteTooltipLot":"","fEstVisiblePictoPromoTEL":false,"sCodeLotHeterogene":"","sUrlLogoTEL":"","sTexteLogoTel":"Promotion TEL","sLibellePictoAjouterProduit":"Ajouter au panier","sLibelleUrlNaviguerRayon":"Voir le rayon","iQuantitePanier":0,"rTotalAPayer":0.0,"sTotalAPayer":"0,00 €","sOrigineZoneDepeche":"ESPAGNE","fVoirRayon":false,"sUrlVoirRayon":"","eDisponibilite":0,"iIdElementPresentationPrincipale":284352,"fProduitSubstitution":false,"sTexteEcoParticipationPrix":"","fAppartientAUneListe":false,"sMsgHeaderPopinAuthen":"Vous devez être identifié(e) pour ajouter le produit à vos listes.","fAfficherTexteProduitIndispo":false,"sTexteProduitIndispo":"","sTexteProduitIndispoCarte":"","fGainsBRD":false,"eTypeProduit":1,"sUrlPageProduit":"https://fd7-courses.leclercdrive.fr/magasin-079111-Massy-Palaiseau/fiche-produits-8444-Tomate-cerise-Bio.aspx","iQteMinPanier":0,"iQteMaxPanier":1000,"sUrlLogoDemandeVocale":"/_res/release/_img/ascWCRS414_PanierBot/picto-commande-vocale.svg?v=638150862400000000","fEstDansDemandeVocale":false,"fEstProduitCategorieCommerciale":false,"lstMentionsProduit":[{"sLibelleMention":"Origine","sLibelleValeur":"ESPAGNE","iIdProduit":0,"iIdMention":941,"sTypeMention":"ORIG","iIdStatut":1,"iIdCombinaisonMention":"5f007c74-9f5b-4879-8779-f4e58d4e8716"},{"sLibelleMention":"Catégorie","sLibelleValeur":"CAT-2-","iIdProduit":0,"iIdMention":942,"sTypeMention":"AUTR","iIdStatut":1,"iIdCombinaisonMention":"5f007c74-9f5b-4879-8779-f4e58d4e8716"}],"objAvisClient":{"IdProduit":0,"IdProduitBZV":0,"Note":{}},"sIdUnique":"Produit8444"},"lstEnfants":[]},{"objElement":{"sNoPointLivraison":"079111","iIdProduit":92702,"iIdRayon":284314,"iIdFamille":284557,"niIdSousFamille":289968,"sType":"Produit","sId":"92702","niIdPhotoEnLigne":2358108,"eIncitationLot":0,"sIdUniqueRayon":"Rayon284314","iIdElementPresentation":284352,"sLibelleLigne1":"Tomate en grappe Bio Village","sLibelleLigne2":"500g","iQteDisponible":14,"sPrixUnitaire":"2,99 €","fAfficherPrixUnitaire":true,"nrPVBRIIDeduit":2.99,"sPrixPromo":"2,99 €","sPrixParUniteDeMesure":"5,98 € / kg","fAfficherPrixParUniteMesure":true,"nrPVMesureBRIIDeduit":5.98,"sUrlVignetteProduit":"https://fd7-photos.leclercdrive.fr/image.ashx?id=2358108&use=l&cat=p&typeid=i","fEstBRIIActifEtDisponible":false,"fBriiAffichageSticker":false,"fPrixAvantageux":false,"sUrlLogoBrii":"","sUrlStickerCampagne":"","sTexteLogoBRII":"Promotion BRII","sTexteTooltipLot":"","fEstVisiblePictoPromoTEL":false,"sCodeLotHeterogene":"","sUrlLogoTEL":"","sTexteLogoTel":"Promotion TEL","sLibellePictoAjouterProduit":"Ajouter au panier","sLibelleUrlNaviguerRayon":"Voir le rayon","iQuantitePanier":0,"rTotalAPayer":0.0,"sTotalAPayer":"0,00 €","sOrigineZoneDepeche":"FRANCE","fVoirRayon":false,"sUrlVoirRayon":"","eDisponibilite":0,"iIdElementPresentationPrincipale":284352,"fProduitSubstitution":false,"sTexteEcoParticipationPrix":"","fAppartientAUneListe":false,"sMsgHeaderPopinAuthen":"Vous devez être identifié(e) pour ajouter le produit à vos listes.","fAfficherTexteProduitIndispo":false,"sTexteProduitIndispo":"","sTexteProduitIndispoCarte":"","fGainsBRD":false,"eTypeProduit":1,"sUrlPageProduit":"https://fd7-courses.leclercdrive.fr/magasin-079111-Massy-Palaiseau/fiche-produits-92702-Tomate-en-grappe-Bio-Village.aspx","iQteMinPanier":0,"iQteMaxPanier":1000,"sUrlLogoDemandeVocale":"/_res/release/_img/ascWCRS414_PanierBot/picto-commande-vocale.svg?v=638150862400000000","fEstDansDemandeVocale":false,"fEstProduitCategorieCommerciale":false,"lstMentionsProduit":[{"sLibelleMention":"Origine","sLibelleValeur":"FRANCE","iIdProduit":0,"iIdMention":952,"sTypeMention":"ORIG","iIdStatut":1,"iIdCombinaisonMention":"dbeecf6e-e227-4161-a4f2-9bfc28c94a27"},{"sLibelleMention":"Catégorie","sLibelleValeur":"CAT-2-","iIdProduit":0,"iIdMention":953,"sTypeMention":"AUTR","iIdStatut":1,"iIdCombinaisonMention":"dbeecf6e-e227-4161-a4f2-9bfc28c94a27"}],"objAvisClient":{"IdProduit":92702,"IdProduitBZV":74392,"Addon":"05","Note":{"Valeur":1.5,"IdPicto":156},"NbAvis":19},"sIdUnique":"Produit92702"},"lstEnfants":[]},{"objElement":{"sNoPointLivraison":"079111","iIdProduit":93030,"iIdRayon":284314,"iIdFamille":284557,"niIdSousFamille":289968,"sType":"Produit","sId":"93030","niIdPhotoEnLigne":2334257,"eIncitationLot":0,"sIdUniqueRayon":"Rayon284314","iIdElementPresentation":284352,"sLibelleLigne1":"Concombre Bio Village","sLibelleLigne2":"x1","iQteDisponible":0,"sPrixUnitaire":"1,99 €","fAfficherPrixUnitaire":true,"nrPVBRIIDeduit":1.99,"sPrixPromo":"1,99 €","fAfficherPrixParUniteMesure":false,"sUrlVignetteProduit":"https://fd7-photos.leclercdrive.fr/image.ashx?id=2334257&use=l&cat=p&typeid=i","fEstBRIIActifEtDisponible":false,"fBriiAffichageSticker":false,"fPrixAvantageux":false,"sUrlLogoBrii":"","sUrlStickerCampagne":"","sTexteLogoBRII":"Promotion BRII","sTexteTooltipLot":"","fEstVisiblePictoPromoTEL":false,"sCodeLotHeterogene":"","sUrlLogoTEL":"","sTexteLogoTel":"Promotion TEL","sLibellePictoAjouterProduit":"Ajouter au panier","sLibelleUrlNaviguerRayon":"Voir le rayon","iQuantitePanier":0,"rTotalAPayer":0.0,"sTotalAPayer":"0,00 €","sOrigineZoneDepeche":"ESPAGNE","fVoirRayon":false,"sUrlVoirRayon":"","eDisponibilite":1,"iIdElementPresentationPrincipale":284352,"fProduitSubstitution":false,"sTexteEcoParticipationPrix":"","fAppartientAUneListe":false,"sMsgHeaderPopinAuthen":"Vous devez être identifié(e) pour ajouter le produit à vos listes.","fAfficherTexteProduitIndispo":true,"sTexteProduitIndispo":"","sTexteProduitIndispoCarte":"","fGainsBRD":false,"eTypeProduit":1,"sUrlPageProduit":"https://fd7-courses.leclercdrive.fr/magasin-079111-Massy-Palaiseau/fiche-produits-93030-Concombre-Bio-Village.aspx","iQteMinPanier":0,"iQteMaxPanier":1000,"sUrlLogoDemandeVocale":"/_res/release/_img/ascWCRS414_PanierBot/picto-commande-vocale.svg?v=638150862400000000","fEstDansDemandeVocale":false,"fEstProduitCategorieCommerciale":false,"lstMentionsProduit":[{"sLibelleMention":"Origine","sLibelleValeur":"ESPAGNE","iIdProduit":0,"iIdMention":354,"sTypeMention":"ORIG","iIdStatut":1,"iIdCombinaisonMention":"2f30f08d-84fb-40a7-9df3-9cef7a3466cf"},{"sLibelleMention":"Catégorie","sLibelleValeur":"CAT-2-","iIdProduit":0,"iIdMention":355,"sTypeMention":"AUTR","iIdStatut":1,"iIdCombinaisonMention":"2f30f08d-84fb-40a7-9df3-9cef7a3466cf"},{"sLibelleMention":"Calibre","sLibelleValeur":"300/400G","iIdProduit":0,"iIdMention":356,"sTypeMention":"AUTR","iIdStatut":1,"iIdCombinaisonMention":"2f30f08d-84fb-40a7-9df3-9cef7a3466cf"}],"objAvisClient":{"IdProduit":93030,"IdProduitBZV":8795,"Addon":"05","Note":{"Valeur":2.5,"IdPicto":158},"NbAvis":17},"sIdUnique":"Produit93030"},"lstEnfants":[]},{"objElement":{"sNoPointLivraison":"079111","iIdProduit":93050,"iIdRayon":284314,"iIdFamille":284557,"niIdSousFamille":289968,"sType":"Produit","sId":"93050","niIdPhotoEnLigne":2298281,"eIncitationLot":0,"sIdUniqueRayon":"Rayon284314","iIdElementPresentation":284352,"sLibelleLigne1":"Poivron Bicolore Bio Village","sLibelleLigne2":"x2","iQteDisponible":0,"sPrixUnitaire":"2,79 €","fAfficherPrixUnitaire":false,"nrPVBRIIDeduit":2.79,"sPrixPromo":"2,79 €","sPrixParUniteDeMesure":"1,40 € / p","fAfficherPrixParUniteMesure":false,"nrPVMesureBRIIDeduit":1.40,"sUrlVignetteProduit":"https://fd7-photos.leclercdrive.fr/image.ashx?id=2298281&use=l&cat=p&typeid=i","fEstBRIIActifEtDisponible":false,"fBriiAffichageSticker":false,"fPrixAvantageux":false,"sUrlLogoBrii":"","sUrlStickerCampagne":"","sTexteLogoBRII":"Promotion BRII","sTexteTooltipLot":"","fEstVisiblePictoPromoTEL":false,"sCodeLotHeterogene":"","sUrlLogoTEL":"","sTexteLogoTel":"Promotion TEL","sLibellePictoAjouterProduit":"Ajouter au panier","sLibelleUrlNaviguerRayon":"Voir le rayon","iQuantitePanier":0,"rTotalAPayer":0.0,"sTotalAPayer":"0,00 €","sOrigineZoneDepeche":"ESPAGNE","fVoirRayon":false,"sUrlVoirRayon":"","eDisponibilite":1,"iIdElementPresentationPrincipale":284352,"fProduitSubstitution":true,"sTexteEcoParticipationPrix":"","fAppartientAUneListe":false,"sMsgHeaderPopinAuthen":"Vous devez être identifié(e) pour ajouter le produit à vos listes.","fAfficherTexteProduitIndispo":true,"sTexteProduitIndispo":"","sTexteProduitIndispoCarte":"","fGainsBRD":false,"eTypeProduit":1,"sUrlPageProduit":"https://fd7-courses.leclercdrive.fr/magasin-079111-Massy-Palaiseau/fiche-produits-93050-Poivron-Bicolore-Bio-Village.aspx","iQteMinPanier":0,"iQteMaxPanier":1000,"sUrlLogoDemandeVocale":"/_res/release/_img/ascWCRS414_PanierBot/picto-commande-vocale.svg?v=638150862400000000","fEstDansDemandeVocale":false,"fEstProduitCategorieCommerciale":false,"lstMentionsProduit":[{"sLibelleMention":"Origine","sLibelleValeur":"ESPAGNE","iIdProduit":0,"iIdMention":759,"sTypeMention":"ORIG","iIdStatut":1,"iIdCombinaisonMention":"9435bd94-ee59-418b-a12b-cf86d46d054e"},{"sLibelleMention":"Catégorie","sLibelleValeur":"CAT-2-","iIdProduit":0,"iIdMention":760,"sTypeMention":"AUTR","iIdStatut":1,"iIdCombinaisonMention":"9435bd94-ee59-418b-a12b-cf86d46d054e"}],"objAvisClient":{"IdProduit":93050,"IdProduitBZV":102741,"Addon":"05","Note":{"Valeur":1.0,"IdPicto":155},"NbAvis":9},"sIdUnique":"Produit93050"},"lstEnfants":[]},{"objElement":{"sNoPointLivraison":"079111","iIdProduit":191139,"iIdRayon":284314,"iIdFamille":284557,"niIdSousFamille":289968,"sType":"Produit","sId":"191139","niIdPhotoEnLigne":2232342,"eIncitationLot":0,"sIdUniqueRayon":"Rayon284314","iIdElementPresentation":284352,"sLibelleLigne1":"Patate douce Bio Village","sLibelleLigne2":"500g","iQteDisponible":5,"sPrixUnitaire":"2,79 €","fAfficherPrixUnitaire":true,"nrPVBRIIDeduit":2.79,"sPrixPromo":"2,79 €","sPrixParUniteDeMesure":"5,58 € / kg","fAfficherPrixParUniteMesure":true,"nrPVMesureBRIIDeduit":5.58,"sUrlVignetteProduit":"https://fd7-photos.leclercdrive.fr/image.ashx?id=2232342&use=l&cat=p&typeid=i","fEstBRIIActifEtDisponible":false,"fBriiAffichageSticker":false,"fPrixAvantageux":false,"sUrlLogoBrii":"","sUrlStickerCampagne":"","sTexteLogoBRII":"Promotion BRII","sTexteTooltipLot":"","fEstVisiblePictoPromoTEL":false,"sCodeLotHeterogene":"","sUrlLogoTEL":"","sTexteLogoTel":"Promotion TEL","sLibellePictoAjouterProduit":"Ajouter au panier","sLibelleUrlNaviguerRayon":"Voir le rayon","iQuantitePanier":0,"rTotalAPayer":0.0,"sTotalAPayer":"0,00 €","sOrigineZoneDepeche":"FRANCE","fVoirRayon":false,"sUrlVoirRayon":"","eDisponibilite":0,"iIdElementPresentationPrincipale":284352,"fProduitSubstitution":false,"sTexteEcoParticipationPrix":"","fAppartientAUneListe":false,"sMsgHeaderPopinAuthen":"Vous devez être identifié(e) pour ajouter le produit à vos listes.","fAfficherTexteProduitIndispo":false,"sTexteProduitIndispo":"","sTexteProduitIndispoCarte":"","fGainsBRD":false,"eTypeProduit":1,"sUrlPageProduit":"https://fd7-courses.leclercdrive.fr/magasin-079111-Massy-Palaiseau/fiche-produits-191139-Patate-douce-Bio-Village.aspx","iQteMinPanier":0,"iQteMaxPanier":1000,"sUrlLogoDemandeVocale":"/_res/release/_img/ascWCRS414_PanierBot/picto-commande-vocale.svg?v=638150862400000000","fEstDansDemandeVocale":false,"fEstProduitCategorieCommerciale":false,"lstMentionsProduit":[{"sLibelleMention":"Origine","sLibelleValeur":"FRANCE","iIdProduit":0,"iIdMention":707,"sTypeMention":"ORIG","iIdStatut":1,"iIdCombinaisonMention":"965933e4-6ab5-48a6-9e44-63e493c0423f"}],"objAvisClient":{"IdProduit":0,"IdProduitBZV":0,"Note":{}},"sIdUnique":"Produit191139"},"lstEnfants":[]},{"objElement":{"sNoPointLivraison":"079111","iIdProduit":88707,"iIdRayon":284314,"iIdFamille":284557,"niIdSousFamille":289968,"sType":"Produit","sId":"88707","niIdPhotoEnLigne":1455295,"eIncitationLot":0,"sIdUniqueRayon":"Rayon284314","iIdElementPresentation":284352,"sLibelleLigne1":"Endive Bio Village","sLibelleLigne2":"400g","iQteDisponible":15,"sPrixUnitaire":"3,69 €","fAfficherPrixUnitaire":true,"nrPVBRIIDeduit":3.69,"sPrixPromo":"3,69 €","sPrixParUniteDeMesure":"9,23 € / kg","fAfficherPrixParUniteMesure":true,"nrPVMesureBRIIDeduit":9.23,"sUrlVignetteProduit":"https://fd7-photos.leclercdrive.fr/image.ashx?id=1455295&use=l&cat=p&typeid=i","fEstBRIIActifEtDisponible":false,"fBriiAffichageSticker":false,"fPrixAvantageux":false,"sUrlLogoBrii":"","sUrlStickerCampagne":"","sTexteLogoBRII":"Promotion BRII","sTexteTooltipLot":"","fEstVisiblePictoPromoTEL":false,"sCodeLotHeterogene":"","sUrlLogoTEL":"","sTexteLogoTel":"Promotion TEL","sLibellePictoAjouterProduit":"Ajouter au panier","sLibelleUrlNaviguerRayon":"Voir le rayon","iQuantitePanier":0,"rTotalAPayer":0.0,"sTotalAPayer":"0,00 €","sOrigineZoneDepeche":"FRANCE","fVoirRayon":false,"sUrlVoirRayon":"","eDisponibilite":0,"iIdElementPresentationPrincipale":284352,"fProduitSubstitution":false,"sTexteEcoParticipationPrix":"","fAppartientAUneListe":false,"sMsgHeaderPopinAuthen":"Vous devez être identifié(e) pour ajouter le produit à vos listes.","fAfficherTexteProduitIndispo":false,"sTexteProduitIndispo":"","sTexteProduitIndispoCarte":"","fGainsBRD":false,"eTypeProduit":1,"sUrlPageProduit":"https://fd7-courses.leclercdrive.fr/magasin-079111-Massy-Palaiseau/fiche-produits-88707-Endive-Bio-Village.aspx","iQteMinPanier":0,"iQteMaxPanier":1000,"sUrlLogoDemandeVocale":"/_res/release/_img/ascWCRS414_PanierBot/picto-commande-vocale.svg?v=638150862400000000","fEstDansDemandeVocale":false,"fEstProduitCategorieCommerciale":false,"lstMentionsProduit":[{"sLibelleMention":"Origine","sLibelleValeur":"FRANCE","iIdProduit":0,"iIdMention":456,"sTypeMention":"ORIG","iIdStatut":1,"iIdCombinaisonMention":"0a56d7fa-4bb9-4a6f-8593-8bf111d41b19"},{"sLibelleMention":"Catégorie","sLibelleValeur":"CAT-2-","iIdProduit":0,"iIdMention":457,"sTypeMention":"AUTR","iIdStatut":1,"iIdCombinaisonMention":"0a56d7fa-4bb9-4a6f-8593-8bf111d41b19"}],"objAvisClient":{"IdProduit":88707,"IdProduitBZV":53093,"Addon":"05","Note":{"Valeur":5.0,"IdPicto":163},"NbAvis":1},"sIdUnique":"Produit88707"},"lstEnfants":[]},{"objElement":{"sNoPointLivraison":"079111","iIdProduit":93071,"iIdRayon":284314,"iIdFamille":284557,"niIdSousFamille":289968,"sType":"Produit","sId":"93071","niIdPhotoEnLigne":2233408,"eIncitationLot":0,"sIdUniqueRayon":"Rayon284314","iIdElementPresentation":284352,"sLibelleLigne1":"Champignons de Paris blancs ","sLibelleLigne2":"Bio Village - 200g","iQteDisponible":0,"sPrixUnitaire":"1,99 €","fAfficherPrixUnitaire":true,"nrPVBRIIDeduit":1.99,"sPrixPromo":"1,99 €","sPrixParUniteDeMesure":"9,95 € / kg","fAfficherPrixParUniteMesure":true,"nrPVMesureBRIIDeduit":9.95,"sUrlVignetteProduit":"https://fd7-photos.leclercdrive.fr/image.ashx?id=2233408&use=l&cat=p&typeid=i","fEstBRIIActifEtDisponible":false,"fBriiAffichageSticker":false,"fPrixAvantageux":false,"sUrlLogoBrii":"","sUrlStickerCampagne":"","sTexteLogoBRII":"Promotion BRII","sTexteTooltipLot":"","fEstVisiblePictoPromoTEL":false,"sCodeLotHeterogene":"","sUrlLogoTEL":"","sTexteLogoTel":"Promotion TEL","sLibellePictoAjouterProduit":"Ajouter au panier","sLibelleUrlNaviguerRayon":"Voir le rayon","iQuantitePanier":0,"rTotalAPayer":0.0,"sTotalAPayer":"0,00 €","sOrigineZoneDepeche":"FRANCE","fVoirRayon":false,"sUrlVoirRayon":"","eDisponibilite":1,"iIdElementPresentationPrincipale":284352,"fProduitSubstitution":false,"sTexteEcoParticipationPrix":"","fAppartientAUneListe":false,"sMsgHeaderPopinAuthen":"Vous devez être identifié(e) pour ajouter le produit à vos listes.","fAfficherTexteProduitIndispo":true,"sTexteProduitIndispo":"","sTexteProduitIndispoCarte":"","fGainsBRD":false,"eTypeProduit":1,"sUrlPageProduit":"https://fd7-courses.leclercdrive.fr/magasin-079111-Massy-Palaiseau/fiche-produits-93071-Champignons-de-Paris-blancs-.aspx","iQteMinPanier":0,"iQteMaxPanier":1000,"sUrlLogoDemandeVocale":"/_res/release/_img/ascWCRS414_PanierBot/picto-commande-vocale.svg?v=638150862400000000","fEstDansDemandeVocale":false,"fEstProduitCategorieCommerciale":false,"lstMentionsProduit":[{"sLibelleMention":"Origine","sLibelleValeur":"FRANCE","iIdProduit":0,"iIdMention":272,"sTypeMention":"ORIG","iIdStatut":1,"iIdCombinaisonMention":"9e62f8ea-36b0-4e81-8828-862eaeb6a0d6"},{"sLibelleMention":"Catégorie","sLibelleValeur":"CAT-2-","iIdProduit":0,"iIdMention":273,"sTypeMention":"AUTR","iIdStatut":1,"iIdCombinaisonMention":"9e62f8ea-36b0-4e81-8828-862eaeb6a0d6"}],"objAvisClient":{"IdProduit":93071,"IdProduitBZV":43047,"Addon":"05","Note":{"Valeur":4.0,"IdPicto":161},"NbAvis":8},"sIdUnique":"Produit93071"},"lstEnfants":[]},{"objElement":{"sNoPointLivraison":"079111","iIdProduit":36432,"iIdRayon":284314,"iIdFamille":284557,"niIdSousFamille":289968,"sType":"Produit","sId":"36432","niIdPhotoEnLigne":1632051,"eIncitationLot":0,"sIdUniqueRayon":"Rayon284314","iIdElementPresentation":284352,"sLibelleLigne1":"Champignon de Paris Bio","sLibelleLigne2":" 200g          ","iQteDisponible":6,"sPrixUnitaire":"2,89 €","fAfficherPrixUnitaire":true,"nrPVBRIIDeduit":2.89,"sPrixPromo":"2,89 €","sPrixParUniteDeMesure":"14,45 € / kg","fAfficherPrixParUniteMesure":true,"nrPVMesureBRIIDeduit":14.45,"sUrlVignetteProduit":"https://fd7-photos.leclercdrive.fr/image.ashx?id=1632051&use=l&cat=p&typeid=i","fEstBRIIActifEtDisponible":false,"fBriiAffichageSticker":false,"fPrixAvantageux":false,"sUrlLogoBrii":"","sUrlStickerCampagne":"","sTexteLogoBRII":"Promotion BRII","sTexteTooltipLot":"","fEstVisiblePictoPromoTEL":false,"sCodeLotHeterogene":"","sUrlLogoTEL":"","sTexteLogoTel":"Promotion TEL","sLibellePictoAjouterProduit":"Ajouter au panier","sLibelleUrlNaviguerRayon":"Voir le rayon","iQuantitePanier":0,"rTotalAPayer":0.0,"sTotalAPayer":"0,00 €","sOrigineZoneDepeche":"FRANCE","fVoirRayon":false,"sUrlVoirRayon":"","eDisponibilite":0,"iIdElementPresentationPrincipale":284352,"fProduitSubstitution":false,"sTexteEcoParticipationPrix":"","fAppartientAUneListe":false,"sMsgHeaderPopinAuthen":"Vous devez être identifié(e) pour ajouter le produit à vos listes.","fAfficherTexteProduitIndispo":false,"sTexteProduitIndispo":"","sTexteProduitIndispoCarte":"","fGainsBRD":false,"eTypeProduit":1,"sUrlPageProduit":"https://fd7-courses.leclercdrive.fr/magasin-079111-Massy-Palaiseau/fiche-produits-36432-Champignon-de-Paris-Bio.aspx","iQteMinPanier":0,"iQteMaxPanier":1000,"sUrlLogoDemandeVocale":"/_res/release/_img/ascWCRS414_PanierBot/picto-commande-vocale.svg?v=638150862400000000","fEstDansDemandeVocale":false,"fEstProduitCategorieCommerciale":false,"lstMentionsProduit":[{"sLibelleMention":"Origine","sLibelleValeur":"FRANCE","iIdProduit":0,"iIdMention":272,"sTypeMention":"ORIG","iIdStatut":1,"iIdCombinaisonMention":"c956bc59-3fd5-4548-a55f-7573521a4338"},{"sLibelleMention":"Catégorie","sLibelleValeur":"CAT-1-","iIdProduit":0,"iIdMention":273,"sTypeMention":"AUTR","iIdStatut":1,"iIdCombinaisonMention":"c956bc59-3fd5-4548-a55f-7573521a4338"}],"objAvisClient":{"IdProduit":0,"IdProduitBZV":0,"Note":{}},"sIdUnique":"Produit36432"},"lstEnfants":[]},{"objElement":{"sNoPointLivraison":"079111","iIdProduit":9246,"iIdRayon":284314,"iIdFamille":284557,"niIdSousFamille":289968,"sType":"Produit","sId":"9246","niIdPhotoEnLigne":2373021,"eIncitationLot":0,"sIdUniqueRayon":"Rayon284314","iIdElementPresentation":284352,"sLibelleLigne1":"Avocat Bio Village","sLibelleLigne2":"En barquette x2","iQteDisponible":0,"sPrixUnitaire":"2,59 €","fAfficherPrixUnitaire":true,"nrPVBRIIDeduit":2.59,"sPrixPromo":"2,59 €","sPrixParUniteDeMesure":"1,30 € / p","fAfficherPrixParUniteMesure":true,"nrPVMesureBRIIDeduit":1.30,"sUrlVignetteProduit":"https://fd7-photos.leclercdrive.fr/image.ashx?id=2373021&use=l&cat=p&typeid=i","fEstBRIIActifEtDisponible":false,"fBriiAffichageSticker":false,"fPrixAvantageux":false,"sUrlLogoBrii":"","sUrlStickerCampagne":"","sTexteLogoBRII":"Promotion BRII","sTexteTooltipLot":"","fEstVisiblePictoPromoTEL":false,"sCodeLotHeterogene":"","sUrlLogoTEL":"","sTexteLogoTel":"Promotion TEL","sLibellePictoAjouterProduit":"Ajouter au panier","sLibelleUrlNaviguerRayon":"Voir le rayon","iQuantitePanier":0,"rTotalAPayer":0.0,"sTotalAPayer":"0,00 €","sOrigineZoneDepeche":"MEXIQUE","fVoirRayon":false,"sUrlVoirRayon":"","eDisponibilite":1,"iIdElementPresentationPrincipale":284352,"fProduitSubstitution":false,"sTexteEcoParticipationPrix":"","fAppartientAUneListe":false,"sMsgHeaderPopinAuthen":"Vous devez être identifié(e) pour ajouter le produit à vos listes.","fAfficherTexteProduitIndispo":true,"sTexteProduitIndispo":"","sTexteProduitIndispoCarte":"","fGainsBRD":false,"eTypeProduit":1,"sUrlPageProduit":"https://fd7-courses.leclercdrive.fr/magasin-079111-Massy-Palaiseau/fiche-produits-9246-Avocat-Bio-Village.aspx","iQteMinPanier":0,"iQteMaxPanier":1000,"sUrlLogoDemandeVocale":"/_res/release/_img/ascWCRS414_PanierBot/picto-commande-vocale.svg?v=638150862400000000","fEstDansDemandeVocale":false,"fEstProduitCategorieCommerciale":false,"lstMentionsProduit":[{"sLibelleMention":"Origine","sLibelleValeur":"MEXIQUE","iIdProduit":0,"iIdMention":193,"sTypeMention":"ORIG","iIdStatut":1,"iIdCombinaisonMention":"afb6d2df-daa7-4d72-b67c-9d53f87f1c9f"},{"sLibelleMention":"Catégorie","sLibelleValeur":"CAT-2-","iIdProduit":0,"iIdMention":194,"sTypeMention":"AUTR","iIdStatut":1,"iIdCombinaisonMention":"afb6d2df-daa7-4d72-b67c-9d53f87f1c9f"},{"sLibelleMention":"Calibre","sLibelleValeur":"CAL-24 - 151-175G","iIdProduit":0,"iIdMention":195,"sTypeMention":"AUTR","iIdStatut":1,"iIdCombinaisonMention":"afb6d2df-daa7-4d72-b67c-9d53f87f1c9f"},{"sLibelleMention":"Variété","sLibelleValeur":"HASS","iIdProduit":0,"iIdMention":196,"sTypeMention":"AUTR","iIdStatut":1,"iIdCombinaisonMention":"afb6d2df-daa7-4d72-b67c-9d53f87f1c9f"}],"objAvisClient":{"IdProduit":9246,"IdProduitBZV":53182,"Addon":"01","Note":{"Valeur":2.0,"IdPicto":157},"NbAvis":28},"sIdUnique":"Produit9246"},"lstEnfants":[]},{"objElement":{"sNoPointLivraison":"079111","iIdProduit":92529,"iIdRayon":284314,"iIdFamille":284557,"niIdSousFamille":289968,"sType":"Produit","sId":"92529","niIdPhotoEnLigne":2232264,"eIncitationLot":0,"sIdUniqueRayon":"Rayon284314","iIdElementPresentation":284352,"sLibelleLigne1":"Echalote Bio Village","sLibelleLigne2":"Demi-longues - 250g","iQteDisponible":18,"sPrixUnitaire":"1,49 €","fAfficherPrixUnitaire":true,"nrPVBRIIDeduit":1.49,"sPrixPromo":"1,49 €","sPrixParUniteDeMesure":"5,96 € / kg","fAfficherPrixParUniteMesure":true,"nrPVMesureBRIIDeduit":5.96,"sUrlVignetteProduit":"https://fd7-photos.leclercdrive.fr/image.ashx?id=2232264&use=l&cat=p&typeid=i","fEstBRIIActifEtDisponible":false,"fBriiAffichageSticker":false,"fPrixAvantageux":false,"sUrlLogoBrii":"","sUrlStickerCampagne":"","sTexteLogoBRII":"Promotion BRII","sTexteTooltipLot":"","fEstVisiblePictoPromoTEL":false,"sCodeLotHeterogene":"","sUrlLogoTEL":"","sTexteLogoTel":"Promotion TEL","sLibellePictoAjouterProduit":"Ajouter au panier","sLibelleUrlNaviguerRayon":"Voir le rayon","iQuantitePanier":0,"rTotalAPayer":0.0,"sTotalAPayer":"0,00 €","sOrigineZoneDepeche":"FRANCE","fVoirRayon":false,"sUrlVoirRayon":"","eDisponibilite":0,"iIdElementPresentationPrincipale":284352,"fProduitSubstitution":false,"sTexteEcoParticipationPrix":"","fAppartientAUneListe":false,"sMsgHeaderPopinAuthen":"Vous devez être identifié(e) pour ajouter le produit à vos listes.","fAfficherTexteProduitIndispo":false,"sTexteProduitIndispo":"","sTexteProduitIndispoCarte":"","fGainsBRD":false,"eTypeProduit":1,"sUrlPageProduit":"https://fd7-courses.leclercdrive.fr/magasin-079111-Massy-Palaiseau/fiche-produits-92529-Echalote-Bio-Village.aspx","iQteMinPanier":0,"iQteMaxPanier":1000,"sUrlLogoDemandeVocale":"/_res/release/_img/ascWCRS414_PanierBot/picto-commande-vocale.svg?v=638150862400000000","fEstDansDemandeVocale":false,"fEstProduitCategorieCommerciale":false,"lstMentionsProduit":[{"sLibelleMention":"Origine","sLibelleValeur":"FRANCE","iIdProduit":0,"iIdMention":450,"sTypeMention":"ORIG","iIdStatut":1,"iIdCombinaisonMention":"6897bd2f-9730-4004-af54-2f3ce50e5ef7"},{"sLibelleMention":"Catégorie","sLibelleValeur":"CAT-2-","iIdProduit":0,"iIdMention":451,"sTypeMention":"AUTR","iIdStatut":1,"iIdCombinaisonMention":"6897bd2f-9730-4004-af54-2f3ce50e5ef7"},{"sLibelleMention":"Calibre","sLibelleValeur":"30/50MM","iIdProduit":0,"iIdMention":452,"sTypeMention":"AUTR","iIdStatut":1,"iIdCombinaisonMention":"6897bd2f-9730-4004-af54-2f3ce50e5ef7"},{"sLibelleMention":"Variété","sLibelleValeur":"TRADITIONNELLE","iIdProduit":0,"iIdMention":453,"sTypeMention":"AUTR","iIdStatut":1,"iIdCombinaisonMention":"6897bd2f-9730-4004-af54-2f3ce50e5ef7"}],"objAvisClient":{"IdProduit":92529,"IdProduitBZV":8760,"Addon":"00","Note":{"Valeur":4.5,"IdPicto":162},"NbAvis":5},"sIdUnique":"Produit92529"},"lstEnfants":[]},{"objElement":{"sNoPointLivraison":"079111","iIdProduit":100315,"iIdRayon":284314,"iIdFamille":284557,"niIdSousFamille":289968,"sType":"Produit","sId":"100315","niIdPhotoEnLigne":1644638,"eIncitationLot":0,"sIdUniqueRayon":"Rayon284314","iIdElementPresentation":284352,"sLibelleLigne1":"Chou fleur Bio Village","sLibelleLigne2":"x1","iQteDisponible":6,"sPrixUnitaire":"3,99 €","fAfficherPrixUnitaire":true,"nrPVBRIIDeduit":3.99,"sPrixPromo":"3,99 €","fAfficherPrixParUniteMesure":false,"sUrlVignetteProduit":"https://fd7-photos.leclercdrive.fr/image.ashx?id=1644638&use=l&cat=p&typeid=i","fEstBRIIActifEtDisponible":false,"fBriiAffichageSticker":false,"fPrixAvantageux":false,"sUrlLogoBrii":"","sUrlStickerCampagne":"","sTexteLogoBRII":"Promotion BRII","sTexteTooltipLot":"","fEstVisiblePictoPromoTEL":false,"sCodeLotHeterogene":"","sUrlLogoTEL":"","sTexteLogoTel":"Promotion TEL","sLibellePictoAjouterProduit":"Ajouter au panier","sLibelleUrlNaviguerRayon":"Voir le rayon","iQuantitePanier":0,"rTotalAPayer":0.0,"sTotalAPayer":"0,00 €","sOrigineZoneDepeche":"FRANCE","fVoirRayon":false,"sUrlVoirRayon":"","eDisponibilite":0,"iIdElementPresentationPrincipale":284352,"fProduitSubstitution":false,"sTexteEcoParticipationPrix":"","fAppartientAUneListe":false,"sMsgHeaderPopinAuthen":"Vous devez être identifié(e) pour ajouter le produit à vos listes.","fAfficherTexteProduitIndispo":false,"sTexteProduitIndispo":"","sTexteProduitIndispoCarte":"","fGainsBRD":false,"eTypeProduit":1,"sUrlPageProduit":"https://fd7-courses.leclercdrive.fr/magasin-079111-Massy-Palaiseau/fiche-produits-100315-Chou-fleur-Bio-Village.aspx","iQteMinPanier":0,"iQteMaxPanier":1000,"sUrlLogoDemandeVocale":"/_res/release/_img/ascWCRS414_PanierBot/picto-commande-vocale.svg?v=638150862400000000","fEstDansDemandeVocale":false,"fEstProduitCategorieCommerciale":false,"lstMentionsProduit":[{"sLibelleMention":"Origine","sLibelleValeur":"FRANCE","iIdProduit":0,"iIdMention":293,"sTypeMention":"ORIG","iIdStatut":1,"iIdCombinaisonMention":"2fb689fe-5470-4eaa-92db-6d61175beb6a"},{"sLibelleMention":"Catégorie","sLibelleValeur":"CAT-1-","iIdProduit":0,"iIdMention":294,"sTypeMention":"AUTR","iIdStatut":1,"iIdCombinaisonMention":"2fb689fe-5470-4eaa-92db-6d61175beb6a"}],"objAvisClient":{"IdProduit":100315,"IdProduitBZV":118655,"Addon":"01","Note":{"Valeur":1.5,"IdPicto":156},"NbAvis":12},"sIdUnique":"Produit100315"},"lstEnfants":[]},{"objElement":{"sNoPointLivraison":"079111","iIdProduit":100314,"iIdRayon":284314,"iIdFamille":284557,"niIdSousFamille":289968,"sType":"Produit","sId":"100314","niIdPhotoEnLigne":1644641,"eIncitationLot":0,"sIdUniqueRayon":"Rayon284314","iIdElementPresentation":284352,"sLibelleLigne1":"Chou blanc entier","sLibelleLigne2":"Bio - x1","iQteDisponible":0,"sPrixUnitaire":"2,79 €","fAfficherPrixUnitaire":false,"nrPVBRIIDeduit":2.79,"sPrixPromo":"2,79 €","fAfficherPrixParUniteMesure":false,"sUrlVignetteProduit":"https://fd7-photos.leclercdrive.fr/image.ashx?id=1644641&use=l&cat=p&typeid=i","fEstBRIIActifEtDisponible":false,"fBriiAffichageSticker":false,"fPrixAvantageux":false,"sUrlLogoBrii":"","sUrlStickerCampagne":"","sTexteLogoBRII":"Promotion BRII","sTexteTooltipLot":"","fEstVisiblePictoPromoTEL":false,"sCodeLotHeterogene":"","sUrlLogoTEL":"","sTexteLogoTel":"Promotion TEL","sLibellePictoAjouterProduit":"Ajouter au panier","sLibelleUrlNaviguerRayon":"Voir le rayon","iQuantitePanier":0,"rTotalAPayer":0.0,"sTotalAPayer":"0,00 €","sOrigineZoneDepeche":"FRANCE","fVoirRayon":false,"sUrlVoirRayon":"","eDisponibilite":1,"iIdElementPresentationPrincipale":284352,"fProduitSubstitution":true,"sTexteEcoParticipationPrix":"","fAppartientAUneListe":false,"sMsgHeaderPopinAuthen":"Vous devez être identifié(e) pour ajouter le produit à vos listes.","fAfficherTexteProduitIndispo":true,"sTexteProduitIndispo":"","sTexteProduitIndispoCarte":"","fGainsBRD":false,"eTypeProduit":1,"sUrlPageProduit":"https://fd7-courses.leclercdrive.fr/magasin-079111-Massy-Palaiseau/fiche-produits-100314-Chou-blanc-entier.aspx","iQteMinPanier":0,"iQteMaxPanier":1000,"sUrlLogoDemandeVocale":"/_res/release/_img/ascWCRS414_PanierBot/picto-commande-vocale.svg?v=638150862400000000","fEstDansDemandeVocale":false,"fEstProduitCategorieCommerciale":false,"lstMentionsProduit":[{"sLibelleMention":"Origine","sLibelleValeur":"FRANCE","iIdProduit":0,"iIdMention":284,"sTypeMention":"ORIG","iIdStatut":1,"iIdCombinaisonMention":"a417f093-06fa-403a-a3a3-bc7ce5de6170"},{"sLibelleMention":"Catégorie","sLibelleValeur":"CAT-2-","iIdProduit":0,"iIdMention":285,"sTypeMention":"AUTR","iIdStatut":1,"iIdCombinaisonMention":"a417f093-06fa-403a-a3a3-bc7ce5de6170"}],"objAvisClient":{"IdProduit":100314,"IdProduitBZV":118639,"Addon":"01","Note":{"Valeur":1.0,"IdPicto":155},"NbAvis":1},"sIdUnique":"Produit100314"},"lstEnfants":[]},{"objElement":{"sNoPointLivraison":"079111","iIdProduit":102077,"iIdRayon":284314,"iIdFamille":284557,"niIdSousFamille":289968,"sType":"Produit","sId":"102077","niIdPhotoEnLigne":2233411,"eIncitationLot":0,"sIdUniqueRayon":"Rayon284314","iIdElementPresentation":284352,"sLibelleLigne1":"Champignons de Paris bruns ","sLibelleLigne2":"Bio Village - 200g","iQteDisponible":5,"sPrixUnitaire":"2,19 €","fAfficherPrixUnitaire":true,"nrPVBRIIDeduit":2.19,"sPrixPromo":"2,19 €","sPrixParUniteDeMesure":"10,95 € / kg","fAfficherPrixParUniteMesure":true,"nrPVMesureBRIIDeduit":10.95,"sUrlVignetteProduit":"https://fd7-photos.leclercdrive.fr/image.ashx?id=2233411&use=l&cat=p&typeid=i","fEstBRIIActifEtDisponible":false,"fBriiAffichageSticker":false,"fPrixAvantageux":false,"sUrlLogoBrii":"","sUrlStickerCampagne":"","sTexteLogoBRII":"Promotion BRII","sTexteTooltipLot":"","fEstVisiblePictoPromoTEL":false,"sCodeLotHeterogene":"","sUrlLogoTEL":"","sTexteLogoTel":"Promotion TEL","sLibellePictoAjouterProduit":"Ajouter au panier","sLibelleUrlNaviguerRayon":"Voir le rayon","iQuantitePanier":0,"rTotalAPayer":0.0,"sTotalAPayer":"0,00 €","sOrigineZoneDepeche":"FRANCE","fVoirRayon":false,"sUrlVoirRayon":"","eDisponibilite":0,"iIdElementPresentationPrincipale":284352,"fProduitSubstitution":false,"sTexteEcoParticipationPrix":"","fAppartientAUneListe":false,"sMsgHeaderPopinAuthen":"Vous devez être identifié(e) pour ajouter le produit à vos listes.","fAfficherTexteProduitIndispo":false,"sTexteProduitIndispo":"","sTexteProduitIndispoCarte":"","fGainsBRD":false,"eTypeProduit":1,"sUrlPageProduit":"https://fd7-courses.leclercdrive.fr/magasin-079111-Massy-Palaiseau/fiche-produits-102077-Champignons-de-Paris-bruns-.aspx","iQteMinPanier":0,"iQteMaxPanier":1000,"sUrlLogoDemandeVocale":"/_res/release/_img/ascWCRS414_PanierBot/picto-commande-vocale.svg?v=638150862400000000","fEstDansDemandeVocale":false,"fEstProduitCategorieCommerciale":false,"lstMentionsProduit":[{"sLibelleMention":"Origine","sLibelleValeur":"FRANCE","iIdProduit":0,"iIdMention":276,"sTypeMention":"ORIG","iIdStatut":1,"iIdCombinaisonMention":"392a07a2-fc4e-4b3f-92fa-822d6cb3e521"},{"sLibelleMention":"Catégorie","sLibelleValeur":"CAT-1-","iIdProduit":0,"iIdMention":277,"sTypeMention":"AUTR","iIdStatut":1,"iIdCombinaisonMention":"392a07a2-fc4e-4b3f-92fa-822d6cb3e521"}],"objAvisClient":{"IdProduit":102077,"IdProduitBZV":87784,"Addon":"05","Note":{"Valeur":4.0,"IdPicto":161},"NbAvis":6},"sIdUnique":"Produit102077"},"lstEnfants":[]},{"objElement":{"sNoPointLivraison":"079111","iIdProduit":74284,"iIdRayon":284314,"iIdFamille":284557,"niIdSousFamille":289968,"sType":"Produit","sId":"74284","niIdPhotoEnLigne":1274899,"eIncitationLot":0,"sIdUniqueRayon":"Rayon284314","iIdElementPresentation":284352,"sLibelleLigne1":"Brocolis Bio Village","sLibelleLigne2":"500g","iQteDisponible":0,"sPrixUnitaire":"1,99 €","fAfficherPrixUnitaire":false,"nrPVBRIIDeduit":1.99,"sPrixPromo":"1,99 €","sPrixParUniteDeMesure":"3,98 € / kg","fAfficherPrixParUniteMesure":false,"nrPVMesureBRIIDeduit":3.98,"sUrlVignetteProduit":"https://fd7-photos.leclercdrive.fr/image.ashx?id=1274899&use=l&cat=p&typeid=i","fEstBRIIActifEtDisponible":false,"fBriiAffichageSticker":false,"fPrixAvantageux":false,"sUrlLogoBrii":"","sUrlStickerCampagne":"","sTexteLogoBRII":"Promotion BRII","sTexteTooltipLot":"","fEstVisiblePictoPromoTEL":false,"sCodeLotHeterogene":"","sUrlLogoTEL":"","sTexteLogoTel":"Promotion TEL","sLibellePictoAjouterProduit":"Ajouter au panier","sLibelleUrlNaviguerRayon":"Voir le rayon","iQuantitePanier":0,"rTotalAPayer":0.0,"sTotalAPayer":"0,00 €","sOrigineZoneDepeche":"ESPAGNE","fVoirRayon":false,"sUrlVoirRayon":"","eDisponibilite":1,"iIdElementPresentationPrincipale":284352,"fProduitSubstitution":true,"sTexteEcoParticipationPrix":"","fAppartientAUneListe":false,"sMsgHeaderPopinAuthen":"Vous devez être identifié(e) pour ajouter le produit à vos listes.","fAfficherTexteProduitIndispo":true,"sTexteProduitIndispo":"","sTexteProduitIndispoCarte":"","fGainsBRD":false,"eTypeProduit":1,"sUrlPageProduit":"https://fd7-courses.leclercdrive.fr/magasin-079111-Massy-Palaiseau/fiche-produits-74284-Brocolis-Bio-Village.aspx","iQteMinPanier":0,"iQteMaxPanier":1000,"sUrlLogoDemandeVocale":"/_res/release/_img/ascWCRS414_PanierBot/picto-commande-vocale.svg?v=638150862400000000","fEstDansDemandeVocale":false,"fEstProduitCategorieCommerciale":false,"lstMentionsProduit":[{"sLibelleMention":"Origine","sLibelleValeur":"ESPAGNE","iIdProduit":0,"iIdMention":234,"sTypeMention":"ORIG","iIdStatut":1,"iIdCombinaisonMention":"85205a4d-08e0-4197-b838-09647e70a842"},{"sLibelleMention":"Catégorie","sLibelleValeur":"CAT-2-","iIdProduit":0,"iIdMention":235,"sTypeMention":"AUTR","iIdStatut":1,"iIdCombinaisonMention":"85205a4d-08e0-4197-b838-09647e70a842"}],"objAvisClient":{"IdProduit":74284,"IdProduitBZV":32365,"Addon":"01","Note":{"Valeur":2.0,"IdPicto":157},"NbAvis":5},"sIdUnique":"Produit74284"},"lstEnfants":[]},{"objElement":{"sNoPointLivraison":"079111","iIdProduit":33218,"iIdRayon":284314,"iIdFamille":284557,"niIdSousFamille":289968,"sType":"Produit","sId":"33218","niIdPhotoEnLigne":2485230,"eIncitationLot":0,"sIdUniqueRayon":"Rayon284314","iIdElementPresentation":284353,"sLibelleLigne1":"M&#226;che Bio Bonduelle","sLibelleLigne2":"80g","iQteDisponible":0,"sPrixUnitaire":"2,25 €","fAfficherPrixUnitaire":false,"nrPVBRIIDeduit":2.25,"sPrixPromo":"2,25 €","sPrixParUniteDeMesure":"28,13 € / kg","fAfficherPrixParUniteMesure":false,"nrPVMesureBRIIDeduit":28.13,"sUrlVignetteProduit":"https://fd7-photos.leclercdrive.fr/image.ashx?id=2485230&use=l&cat=p&typeid=i","fEstBRIIActifEtDisponible":false,"fBriiAffichageSticker":false,"fPrixAvantageux":false,"sUrlLogoBrii":"","sUrlStickerCampagne":"","sTexteLogoBRII":"Promotion BRII","sTexteTooltipLot":"","fEstVisiblePictoPromoTEL":false,"sCodeLotHeterogene":"","sUrlLogoTEL":"","sTexteLogoTel":"Promotion TEL","sLibellePictoAjouterProduit":"Ajouter au panier","sLibelleUrlNaviguerRayon":"Voir le rayon","iQuantitePanier":0,"rTotalAPayer":0.0,"sTotalAPayer":"0,00 €","sOrigineZoneDepeche":"","fVoirRayon":false,"sUrlVoirRayon":"","eDisponibilite":1,"iIdElementPresentationPrincipale":284353,"fProduitSubstitution":true,"sTexteEcoParticipationPrix":"","fAppartientAUneListe":false,"sMsgHeaderPopinAuthen":"Vous devez être identifié(e) pour ajouter le produit à vos listes.","fAfficherTexteProduitIndispo":true,"sTexteProduitIndispo":"","sTexteProduitIndispoCarte":"","fGainsBRD":false,"eTypeProduit":1,"sUrlPageProduit":"https://fd7-courses.leclercdrive.fr/magasin-079111-Massy-Palaiseau/fiche-produits-33218-Mache-Bio-Bonduelle.aspx","iQteMinPanier":0,"iQteMaxPanier":1000,"sUrlLogoDemandeVocale":"/_res/release/_img/ascWCRS414_PanierBot/picto-commande-vocale.svg?v=638150862400000000","fEstDansDemandeVocale":false,"fEstProduitCategorieCommerciale":false,"lstMentionsProduit":[],"objAvisClient":{"IdProduit":33218,"IdProduitBZV":66279,"Addon":"AUCUN","Note":{"Valeur":1.0,"IdPicto":155},"NbAvis":1},"sIdUnique":"Produit33218"},"lstEnfants":[]},{"objElement":{"sNoPointLivraison":"079111","iIdProduit":64014,"iIdRayon":284314,"iIdFamille":284557,"niIdSousFamille":289968,"sType":"Produit","sId":"64014","niIdPhotoEnLigne":2027895,"eIncitationLot":0,"sIdUniqueRayon":"Rayon284314","iIdElementPresentation":284353,"sLibelleLigne1":"M&#233;lange de jeunes pousses Bio","sLibelleLigne2":"Bio Village - 100g","iQteDisponible":0,"sPrixUnitaire":"1,93 €","fAfficherPrixUnitaire":false,"nrPVBRIIDeduit":1.93,"sPrixPromo":"1,93 €","sPrixParUniteDeMesure":"19,30 € / kg","fAfficherPrixParUniteMesure":false,"nrPVMesureBRIIDeduit":19.30,"sUrlVignetteProduit":"https://fd7-photos.leclercdrive.fr/image.ashx?id=2027895&use=l&cat=p&typeid=i","fEstBRIIActifEtDisponible":false,"fBriiAffichageSticker":false,"fPrixAvantageux":false,"sUrlLogoBrii":"","sUrlStickerCampagne":"","sTexteLogoBRII":"Promotion BRII","sTexteTooltipLot":"","fEstVisiblePictoPromoTEL":false,"sCodeLotHeterogene":"","sUrlLogoTEL":"","sTexteLogoTel":"Promotion TEL","sLibellePictoAjouterProduit":"Ajouter au panier","sLibelleUrlNaviguerRayon":"Voir le rayon","iQuantitePanier":0,"rTotalAPayer":0.0,"sTotalAPayer":"0,00 €","sOrigineZoneDepeche":"","fVoirRayon":false,"sUrlVoirRayon":"","eDisponibilite":1,"iIdElementPresentationPrincipale":284353,"fProduitSubstitution":true,"sTexteEcoParticipationPrix":"","fAppartientAUneListe":false,"sMsgHeaderPopinAuthen":"Vous devez être identifié(e) pour ajouter le produit à vos listes.","fAfficherTexteProduitIndispo":true,"sTexteProduitIndispo":"","sTexteProduitIndispoCarte":"","fGainsBRD":false,"eTypeProduit":1,"sUrlPageProduit":"https://fd7-courses.leclercdrive.fr/magasin-079111-Massy-Palaiseau/fiche-produits-64014-Melange-de-jeunes-pousses-Bio.aspx","iQteMinPanier":0,"iQteMaxPanier":1000,"sUrlLogoDemandeVocale":"/_res/release/_img/ascWCRS414_PanierBot/picto-commande-vocale.svg?v=638150862400000000","fEstDansDemandeVocale":false,"fEstProduitCategorieCommerciale":false,"lstMentionsProduit":[],"objAvisClient":{"IdProduit":64014,"IdProduitBZV":31856,"Addon":"01","Note":{"Valeur":3.0,"IdPicto":159},"NbAvis":2},"sIdUnique":"Produit64014"},"lstEnfants":[]},{"objElement":{"sNoPointLivraison":"079111","iIdProduit":17937,"iIdRayon":284314,"iIdFamille":284557,"niIdSousFamille":311447,"sType":"Produit","sId":"17937","niIdPhotoEnLigne":2049211,"eIncitationLot":0,"sIdUniqueRayon":"Rayon284314","iIdElementPresentation":284357,"sLibelleLigne1":"Pruneaux d&#39;agen Bio Village","sLibelleLigne2":"250g","iQteDisponible":12,"sPrixUnitaire":"3,16 €","fAfficherPrixUnitaire":true,"nrPVBRIIDeduit":3.16,"sPrixPromo":"3,16 €","sPrixParUniteDeMesure":"12,64 € / kg","fAfficherPrixParUniteMesure":true,"nrPVMesureBRIIDeduit":12.64,"sUrlVignetteProduit":"https://fd7-photos.leclercdrive.fr/image.ashx?id=2049211&use=l&cat=p&typeid=i","fEstBRIIActifEtDisponible":false,"fBriiAffichageSticker":false,"fPrixAvantageux":false,"sUrlLogoBrii":"","sUrlStickerCampagne":"","sTexteLogoBRII":"Promotion BRII","sTexteTooltipLot":"","fEstVisiblePictoPromoTEL":false,"sCodeLotHeterogene":"","sUrlLogoTEL":"","sTexteLogoTel":"Promotion TEL","sLibellePictoAjouterProduit":"Ajouter au panier","sLibelleUrlNaviguerRayon":"Voir le rayon","iQuantitePanier":0,"rTotalAPayer":0.0,"sTotalAPayer":"0,00 €","sOrigineZoneDepeche":"","fVoirRayon":false,"sUrlVoirRayon":"","eDisponibilite":0,"iIdElementPresentationPrincipale":284357,"fProduitSubstitution":false,"sTexteEcoParticipationPrix":"","fAppartientAUneListe":false,"sMsgHeaderPopinAuthen":"Vous devez être identifié(e) pour ajouter le produit à vos listes.","fAfficherTexteProduitIndispo":false,"sTexteProduitIndispo":"","sTexteProduitIndispoCarte":"","fGainsBRD":false,"eTypeProduit":1,"sUrlPageProduit":"https://fd7-courses.leclercdrive.fr/magasin-079111-Massy-Palaiseau/fiche-produits-17937-Pruneaux-dagen-Bio-Village.aspx","iQteMinPanier":0,"iQteMaxPanier":1000,"sUrlLogoDemandeVocale":"/_res/release/_img/ascWCRS414_PanierBot/picto-commande-vocale.svg?v=638150862400000000","fEstDansDemandeVocale":false,"fEstProduitCategorieCommerciale":false,"lstMentionsProduit":[],"objAvisClient":{"IdProduit":17937,"IdProduitBZV":54163,"Addon":"01","Note":{"Valeur":3.0,"IdPicto":159},"NbAvis":5},"sIdUnique":"Produit17937"},"lstEnfants":[]},{"objElement":{"sNoPointLivraison":"079111","iIdProduit":67901,"iIdRayon":284314,"iIdFamille":284557,"niIdSousFamille":311447,"sType":"Produit","sId":"67901","niIdPhotoEnLigne":2213874,"eIncitationLot":0,"sIdUniqueRayon":"Rayon284314","iIdElementPresentation":284357,"sLibelleLigne1":"Datte moelleuse Bio","sLibelleLigne2":"200g","iQteDisponible":0,"sPrixUnitaire":"2,55 €","fAfficherPrixUnitaire":true,"nrPVBRIIDeduit":2.55,"sPrixPromo":"2,55 €","sPrixParUniteDeMesure":"12,75 € / kg","fAfficherPrixParUniteMesure":true,"nrPVMesureBRIIDeduit":12.75,"sUrlVignetteProduit":"https://fd7-photos.leclercdrive.fr/image.ashx?id=2213874&use=l&cat=p&typeid=i","fEstBRIIActifEtDisponible":false,"fBriiAffichageSticker":false,"fPrixAvantageux":false,"sUrlLogoBrii":"","sUrlStickerCampagne":"","sTexteLogoBRII":"Promotion BRII","sTexteTooltipLot":"","fEstVisiblePictoPromoTEL":false,"sCodeLotHeterogene":"","sUrlLogoTEL":"","sTexteLogoTel":"Promotion TEL","sLibellePictoAjouterProduit":"Ajouter au panier","sLibelleUrlNaviguerRayon":"Voir le rayon","iQuantitePanier":0,"rTotalAPayer":0.0,"sTotalAPayer":"0,00 €","sOrigineZoneDepeche":"","fVoirRayon":false,"sUrlVoirRayon":"","eDisponibilite":1,"iIdElementPresentationPrincipale":284357,"fProduitSubstitution":false,"sTexteEcoParticipationPrix":"","fAppartientAUneListe":false,"sMsgHeaderPopinAuthen":"Vous devez être identifié(e) pour ajouter le produit à vos listes.","fAfficherTexteProduitIndispo":true,"sTexteProduitIndispo":"","sTexteProduitIndispoCarte":"","fGainsBRD":false,"eTypeProduit":1,"sUrlPageProduit":"https://fd7-courses.leclercdrive.fr/magasin-079111-Massy-Palaiseau/fiche-produits-67901-Datte-moelleuse-Bio.aspx","iQteMinPanier":0,"iQteMaxPanier":1000,"sUrlLogoDemandeVocale":"/_res/release/_img/ascWCRS414_PanierBot/picto-commande-vocale.svg?v=638150862400000000","fEstDansDemandeVocale":false,"fEstProduitCategorieCommerciale":false,"lstMentionsProduit":[],"objAvisClient":{"IdProduit":67901,"IdProduitBZV":73542,"Addon":"AUCUN","Note":{"Valeur":1.0,"IdPicto":155},"NbAvis":1},"sIdUnique":"Produit67901"},"lstEnfants":[]},{"objElement":{"sNoPointLivraison":"079111","iIdProduit":33962,"iIdRayon":284314,"iIdFamille":284557,"niIdSousFamille":311447,"sType":"Produit","sId":"33962","niIdPhotoEnLigne":1966406,"eIncitationLot":0,"sIdUniqueRayon":"Rayon284314","iIdElementPresentation":284357,"sLibelleLigne1":"Figues s&#233;ch&#233;es Bio village","sLibelleLigne2":"Moelleuses - 250g","iQteDisponible":8,"sPrixUnitaire":"3,54 €","fAfficherPrixUnitaire":true,"nrPVBRIIDeduit":3.54,"sPrixPromo":"3,54 €","sPrixParUniteDeMesure":"14,16 € / kg","fAfficherPrixParUniteMesure":true,"nrPVMesureBRIIDeduit":14.16,"sUrlVignetteProduit":"https://fd7-photos.leclercdrive.fr/image.ashx?id=1966406&use=l&cat=p&typeid=i","fEstBRIIActifEtDisponible":false,"fBriiAffichageSticker":false,"fPrixAvantageux":false,"sUrlLogoBrii":"","sUrlStickerCampagne":"","sTexteLogoBRII":"Promotion BRII","sTexteTooltipLot":"","fEstVisiblePictoPromoTEL":false,"sCodeLotHeterogene":"","sUrlLogoTEL":"","sTexteLogoTel":"Promotion TEL","sLibellePictoAjouterProduit":"Ajouter au panier","sLibelleUrlNaviguerRayon":"Voir le rayon","iQuantitePanier":0,"rTotalAPayer":0.0,"sTotalAPayer":"0,00 €","sOrigineZoneDepeche":"","fVoirRayon":false,"sUrlVoirRayon":"","eDisponibilite":0,"iIdElementPresentationPrincipale":284357,"fProduitSubstitution":false,"sTexteEcoParticipationPrix":"","fAppartientAUneListe":false,"sMsgHeaderPopinAuthen":"Vous devez être identifié(e) pour ajouter le produit à vos listes.","fAfficherTexteProduitIndispo":false,"sTexteProduitIndispo":"","sTexteProduitIndispoCarte":"","fGainsBRD":false,"eTypeProduit":1,"sUrlPageProduit":"https://fd7-courses.leclercdrive.fr/magasin-079111-Massy-Palaiseau/fiche-produits-33962-Figues-sechees-Bio-village.aspx","iQteMinPanier":0,"iQteMaxPanier":1000,"sUrlLogoDemandeVocale":"/_res/release/_img/ascWCRS414_PanierBot/picto-commande-vocale.svg?v=638150862400000000","fEstDansDemandeVocale":false,"fEstProduitCategorieCommerciale":false,"lstMentionsProduit":[],"objAvisClient":{"IdProduit":33962,"IdProduitBZV":32252,"Addon":"01","Note":{"Valeur":3.0,"IdPicto":159},"NbAvis":3},"sIdUnique":"Produit33962"},"lstEnfants":[]},{"objElement":{"sNoPointLivraison":"079111","iIdProduit":33979,"iIdRayon":284314,"iIdFamille":284557,"niIdSousFamille":311447,"sType":"Produit","sId":"33979","niIdPhotoEnLigne":1949978,"eIncitationLot":0,"sIdUniqueRayon":"Rayon284314","iIdElementPresentation":284357,"sLibelleLigne1":"Raisins secs  Bio Village","sLibelleLigne2":"Moelleux - 250g","iQteDisponible":0,"sPrixUnitaire":"1,97 €","fAfficherPrixUnitaire":false,"nrPVBRIIDeduit":1.97,"sPrixPromo":"1,97 €","sPrixParUniteDeMesure":"7,88 € / kg","fAfficherPrixParUniteMesure":false,"nrPVMesureBRIIDeduit":7.88,"sUrlVignetteProduit":"https://fd7-photos.leclercdrive.fr/image.ashx?id=1949978&use=l&cat=p&typeid=i","fEstBRIIActifEtDisponible":false,"fBriiAffichageSticker":false,"fPrixAvantageux":false,"sUrlLogoBrii":"","sUrlStickerCampagne":"","sTexteLogoBRII":"Promotion BRII","sTexteTooltipLot":"","fEstVisiblePictoPromoTEL":false,"sCodeLotHeterogene":"","sUrlLogoTEL":"","sTexteLogoTel":"Promotion TEL","sLibellePictoAjouterProduit":"Ajouter au panier","sLibelleUrlNaviguerRayon":"Voir le rayon","iQuantitePanier":0,"rTotalAPayer":0.0,"sTotalAPayer":"0,00 €","sOrigineZoneDepeche":"","fVoirRayon":false,"sUrlVoirRayon":"","eDisponibilite":1,"iIdElementPresentationPrincipale":284357,"fProduitSubstitution":true,"sTexteEcoParticipationPrix":"","fAppartientAUneListe":false,"sMsgHeaderPopinAuthen":"Vous devez être identifié(e) pour ajouter le produit à vos listes.","fAfficherTexteProduitIndispo":true,"sTexteProduitIndispo":"","sTexteProduitIndispoCarte":"","fGainsBRD":false,"eTypeProduit":1,"sUrlPageProduit":"https://fd7-courses.leclercdrive.fr/magasin-079111-Massy-Palaiseau/fiche-produits-33979-Raisins-secs-Bio-Village.aspx","iQteMinPanier":0,"iQteMaxPanier":1000,"sUrlLogoDemandeVocale":"/_res/release/_img/ascWCRS414_PanierBot/picto-commande-vocale.svg?v=638150862400000000","fEstDansDemandeVocale":false,"fEstProduitCategorieCommerciale":false,"lstMentionsProduit":[],"objAvisClient":{"IdProduit":33979,"IdProduitBZV":66061,"Addon":"01","Note":{"Valeur":3.5,"IdPicto":160},"NbAvis":3},"sIdUnique":"Produit33979"},"lstEnfants":[]},{"objElement":{"sNoPointLivraison":"079111","iIdProduit":33929,"iIdRayon":284314,"iIdFamille":284557,"niIdSousFamille":311447,"sType":"Produit","sId":"33929","niIdPhotoEnLigne":1944141,"eIncitationLot":0,"sIdUniqueRayon":"Rayon284314","iIdElementPresentation":284357,"sLibelleLigne1":"Abricots secs Bio Village","sLibelleLigne2":"Moelleux - 250g","iQteDisponible":2,"sPrixUnitaire":"2,99 €","fAfficherPrixUnitaire":true,"nrPVBRIIDeduit":2.99,"sPrixPromo":"2,99 €","sPrixParUniteDeMesure":"11,96 € / kg","fAfficherPrixParUniteMesure":true,"nrPVMesureBRIIDeduit":11.96,"sUrlVignetteProduit":"https://fd7-photos.leclercdrive.fr/image.ashx?id=1944141&use=l&cat=p&typeid=i","fEstBRIIActifEtDisponible":false,"fBriiAffichageSticker":false,"fPrixAvantageux":false,"sUrlLogoBrii":"","sUrlStickerCampagne":"","sTexteLogoBRII":"Promotion BRII","sTexteTooltipLot":"","fEstVisiblePictoPromoTEL":false,"sCodeLotHeterogene":"","sUrlLogoTEL":"","sTexteLogoTel":"Promotion TEL","sLibellePictoAjouterProduit":"Ajouter au panier","sLibelleUrlNaviguerRayon":"Voir le rayon","iQuantitePanier":0,"rTotalAPayer":0.0,"sTotalAPayer":"0,00 €","sOrigineZoneDepeche":"","fVoirRayon":false,"sUrlVoirRayon":"","eDisponibilite":0,"iIdElementPresentationPrincipale":284357,"fProduitSubstitution":false,"sTexteEcoParticipationPrix":"","fAppartientAUneListe":false,"sMsgHeaderPopinAuthen":"Vous devez être identifié(e) pour ajouter le produit à vos listes.","fAfficherTexteProduitIndispo":false,"sTexteProduitIndispo":"","sTexteProduitIndispoCarte":"","fGainsBRD":false,"eTypeProduit":1,"sUrlPageProduit":"https://fd7-courses.leclercdrive.fr/magasin-079111-Massy-Palaiseau/fiche-produits-33929-Abricots-secs-Bio-Village.aspx","iQteMinPanier":0,"iQteMaxPanier":1000,"sUrlLogoDemandeVocale":"/_res/release/_img/ascWCRS414_PanierBot/picto-commande-vocale.svg?v=638150862400000000","fEstDansDemandeVocale":false,"fEstProduitCategorieCommerciale":false,"lstMentionsProduit":[],"objAvisClient":{"IdProduit":33929,"IdProduitBZV":32248,"Addon":"01","Note":{"Valeur":3.5,"IdPicto":160},"NbAvis":12},"sIdUnique":"Produit33929"},"lstEnfants":[]},{"objElement":{"sNoPointLivraison":"079111","iIdProduit":80230,"iIdRayon":284314,"iIdFamille":284557,"niIdSousFamille":311447,"sType":"Produit","sId":"80230","niIdPhotoEnLigne":2059113,"eIncitationLot":0,"sIdUniqueRayon":"Rayon284314","iIdElementPresentation":284357,"sLibelleLigne1":"Graines de s&#233;same Bio Village","sLibelleLigne2":"200g","iQteDisponible":0,"sPrixUnitaire":"2,49 €","fAfficherPrixUnitaire":true,"nrPVBRIIDeduit":2.49,"sPrixPromo":"2,49 €","sPrixParUniteDeMesure":"12,45 € / kg","fAfficherPrixParUniteMesure":true,"nrPVMesureBRIIDeduit":12.45,"sUrlVignetteProduit":"https://fd7-photos.leclercdrive.fr/image.ashx?id=2059113&use=l&cat=p&typeid=i","fEstBRIIActifEtDisponible":false,"fBriiAffichageSticker":false,"fPrixAvantageux":false,"sUrlLogoBrii":"","sUrlStickerCampagne":"","sTexteLogoBRII":"Promotion BRII","sTexteTooltipLot":"","fEstVisiblePictoPromoTEL":false,"sCodeLotHeterogene":"","sUrlLogoTEL":"","sTexteLogoTel":"Promotion TEL","sLibellePictoAjouterProduit":"Ajouter au panier","sLibelleUrlNaviguerRayon":"Voir le rayon","iQuantitePanier":0,"rTotalAPayer":0.0,"sTotalAPayer":"0,00 €","sOrigineZoneDepeche":"","fVoirRayon":false,"sUrlVoirRayon":"","eDisponibilite":1,"iIdElementPresentationPrincipale":284357,"fProduitSubstitution":false,"sTexteEcoParticipationPrix":"","fAppartientAUneListe":false,"sMsgHeaderPopinAuthen":"Vous devez être identifié(e) pour ajouter le produit à vos listes.","fAfficherTexteProduitIndispo":true,"sTexteProduitIndispo":"","sTexteProduitIndispoCarte":"","fGainsBRD":false,"eTypeProduit":1,"sUrlPageProduit":"https://fd7-courses.leclercdrive.fr/magasin-079111-Massy-Palaiseau/fiche-produits-80230-Graines-de-sesame-Bio-Village.aspx","iQteMinPanier":0,"iQteMaxPanier":1000,"sUrlLogoDemandeVocale":"/_res/release/_img/ascWCRS414_PanierBot/picto-commande-vocale.svg?v=638150862400000000","fEstDansDemandeVocale":false,"fEstProduitCategorieCommerciale":false,"lstMentionsProduit":[],"objAvisClient":{"IdProduit":80230,"IdProduitBZV":32828,"Addon":"01","Note":{"Valeur":4.0,"IdPicto":161},"NbAvis":3},"sIdUnique":"Produit80230"},"lstEnfants":[]},{"objElement":{"sNoPointLivraison":"079111","iIdProduit":80229,"iIdRayon":284314,"iIdFamille":284557,"niIdSousFamille":311447,"sType":"Produit","sId":"80229","niIdPhotoEnLigne":1943262,"eIncitationLot":0,"sIdUniqueRayon":"Rayon284314","iIdElementPresentation":284357,"sLibelleLigne1":"Graines de lin brun Bio Village","sLibelleLigne2":"200g","iQteDisponible":3,"sPrixUnitaire":"2,25 €","fAfficherPrixUnitaire":true,"nrPVBRIIDeduit":2.25,"sPrixPromo":"2,25 €","sPrixParUniteDeMesure":"11,25 € / kg","fAfficherPrixParUniteMesure":true,"nrPVMesureBRIIDeduit":11.25,"sUrlVignetteProduit":"https://fd7-photos.leclercdrive.fr/image.ashx?id=1943262&use=l&cat=p&typeid=i","fEstBRIIActifEtDisponible":false,"fBriiAffichageSticker":false,"fPrixAvantageux":false,"sUrlLogoBrii":"","sUrlStickerCampagne":"","sTexteLogoBRII":"Promotion BRII","sTexteTooltipLot":"","fEstVisiblePictoPromoTEL":false,"sCodeLotHeterogene":"","sUrlLogoTEL":"","sTexteLogoTel":"Promotion TEL","sLibellePictoAjouterProduit":"Ajouter au panier","sLibelleUrlNaviguerRayon":"Voir le rayon","iQuantitePanier":0,"rTotalAPayer":0.0,"sTotalAPayer":"0,00 €","sOrigineZoneDepeche":"","fVoirRayon":false,"sUrlVoirRayon":"","eDisponibilite":0,"iIdElementPresentationPrincipale":284357,"fProduitSubstitution":false,"sTexteEcoParticipationPrix":"","fAppartientAUneListe":false,"sMsgHeaderPopinAuthen":"Vous devez être identifié(e) pour ajouter le produit à vos listes.","fAfficherTexteProduitIndispo":false,"sTexteProduitIndispo":"","sTexteProduitIndispoCarte":"","fGainsBRD":false,"eTypeProduit":1,"sUrlPageProduit":"https://fd7-courses.leclercdrive.fr/magasin-079111-Massy-Palaiseau/fiche-produits-80229-Graines-de-lin-brun-Bio-Village.aspx","iQteMinPanier":0,"iQteMaxPanier":1000,"sUrlLogoDemandeVocale":"/_res/release/_img/ascWCRS414_PanierBot/picto-commande-vocale.svg?v=638150862400000000","fEstDansDemandeVocale":false,"fEstProduitCategorieCommerciale":false,"lstMentionsProduit":[],"objAvisClient":{"IdProduit":80229,"IdProduitBZV":86921,"Addon":"01","Note":{"Valeur":4.5,"IdPicto":162},"NbAvis":2},"sIdUnique":"Produit80229"},"lstEnfants":[]},{"objElement":{"sNoPointLivraison":"079111","iIdProduit":80231,"iIdRayon":284314,"iIdFamille":284557,"niIdSousFamille":311447,"sType":"Produit","sId":"80231","niIdPhotoEnLigne":2043047,"eIncitationLot":0,"sIdUniqueRayon":"Rayon284314","iIdElementPresentation":284357,"sLibelleLigne1":"Graines de courge Bio Village","sLibelleLigne2":"200g","iQteDisponible":3,"sPrixUnitaire":"3,57 €","fAfficherPrixUnitaire":true,"nrPVBRIIDeduit":3.57,"sPrixPromo":"3,57 €","sPrixParUniteDeMesure":"17,85 € / kg","fAfficherPrixParUniteMesure":true,"nrPVMesureBRIIDeduit":17.85,"sUrlVignetteProduit":"https://fd7-photos.leclercdrive.fr/image.ashx?id=2043047&use=l&cat=p&typeid=i","fEstBRIIActifEtDisponible":false,"fBriiAffichageSticker":false,"fPrixAvantageux":false,"sUrlLogoBrii":"","sUrlStickerCampagne":"","sTexteLogoBRII":"Promotion BRII","sTexteTooltipLot":"","fEstVisiblePictoPromoTEL":false,"sCodeLotHeterogene":"","sUrlLogoTEL":"","sTexteLogoTel":"Promotion TEL","sLibellePictoAjouterProduit":"Ajouter au panier","sLibelleUrlNaviguerRayon":"Voir le rayon","iQuantitePanier":0,"rTotalAPayer":0.0,"sTotalAPayer":"0,00 €","sOrigineZoneDepeche":"","fVoirRayon":false,"sUrlVoirRayon":"","eDisponibilite":0,"iIdElementPresentationPrincipale":284357,"fProduitSubstitution":false,"sTexteEcoParticipationPrix":"","fAppartientAUneListe":false,"sMsgHeaderPopinAuthen":"Vous devez être identifié(e) pour ajouter le produit à vos listes.","fAfficherTexteProduitIndispo":false,"sTexteProduitIndispo":"","sTexteProduitIndispoCarte":"","fGainsBRD":false,"eTypeProduit":1,"sUrlPageProduit":"https://fd7-courses.leclercdrive.fr/magasin-079111-Massy-Palaiseau/fiche-produits-80231-Graines-de-courge-Bio-Village.aspx","iQteMinPanier":0,"iQteMaxPanier":1000,"sUrlLogoDemandeVocale":"/_res/release/_img/ascWCRS414_PanierBot/picto-commande-vocale.svg?v=638150862400000000","fEstDansDemandeVocale":false,"fEstProduitCategorieCommerciale":false,"lstMentionsProduit":[],"objAvisClient":{"IdProduit":80231,"IdProduitBZV":86925,"Addon":"01","Note":{"Valeur":4.5,"IdPicto":162},"NbAvis":8},"sIdUnique":"Produit80231"},"lstEnfants":[]},{"objElement":{"sNoPointLivraison":"079111","iIdProduit":11335,"iIdRayon":284314,"iIdFamille":284557,"niIdSousFamille":311447,"sType":"Produit","sId":"11335","niIdPhotoEnLigne":2472288,"eIncitationLot":0,"sIdUniqueRayon":"Rayon284314","iIdElementPresentation":284357,"sLibelleLigne1":"Marrons Bio Allaire","sLibelleLigne2":"200g","iQteDisponible":12,"sPrixUnitaire":"2,99 €","fAfficherPrixUnitaire":true,"nrPVBRIIDeduit":2.99,"sPrixPromo":"2,99 €","sPrixParUniteDeMesure":"14,95 € / kg","fAfficherPrixParUniteMesure":true,"nrPVMesureBRIIDeduit":14.95,"sUrlVignetteProduit":"https://fd7-photos.leclercdrive.fr/image.ashx?id=2472288&use=l&cat=p&typeid=i","fEstBRIIActifEtDisponible":false,"fBriiAffichageSticker":false,"fPrixAvantageux":false,"sUrlLogoBrii":"","sUrlStickerCampagne":"","sTexteLogoBRII":"Promotion BRII","sTexteTooltipLot":"","fEstVisiblePictoPromoTEL":false,"sCodeLotHeterogene":"","sUrlLogoTEL":"","sTexteLogoTel":"Promotion TEL","sLibellePictoAjouterProduit":"Ajouter au panier","sLibelleUrlNaviguerRayon":"Voir le rayon","iQuantitePanier":0,"rTotalAPayer":0.0,"sTotalAPayer":"0,00 €","sOrigineZoneDepeche":"","fVoirRayon":false,"sUrlVoirRayon":"","eDisponibilite":0,"iIdElementPresentationPrincipale":284357,"fProduitSubstitution":false,"sTexteEcoParticipationPrix":"","fAppartientAUneListe":false,"sMsgHeaderPopinAuthen":"Vous devez être identifié(e) pour ajouter le produit à vos listes.","fAfficherTexteProduitIndispo":false,"sTexteProduitIndispo":"","sTexteProduitIndispoCarte":"","fGainsBRD":false,"eTypeProduit":1,"sUrlPageProduit":"https://fd7-courses.leclercdrive.fr/magasin-079111-Massy-Palaiseau/fiche-produits-11335-Marrons-Bio-Allaire.aspx","iQteMinPanier":0,"iQteMaxPanier":1000,"sUrlLogoDemandeVocale":"/_res/release/_img/ascWCRS414_PanierBot/picto-commande-vocale.svg?v=638150862400000000","fEstDansDemandeVocale":false,"fEstProduitCategorieCommerciale":false,"lstMentionsProduit":[],"objAvisClient":{"IdProduit":11335,"IdProduitBZV":70945,"Addon":"AUCUN"},"sIdUnique":"Produit11335"},"lstEnfants":[]},{"objElement":{"sNoPointLivraison":"079111","iIdProduit":166405,"iIdRayon":284314,"iIdFamille":284557,"niIdSousFamille":311447,"sType":"Produit","sId":"166405","niIdPhotoEnLigne":2400082,"eIncitationLot":0,"sIdUniqueRayon":"Rayon284314","iIdElementPresentation":284356,"sLibelleLigne1":"Pomme rustique Bio Village","sLibelleLigne2":"x4","iQteDisponible":0,"sPrixUnitaire":"2,69 €","fAfficherPrixUnitaire":true,"nrPVBRIIDeduit":2.69,"sPrixPromo":"2,69 €","sPrixParUniteDeMesure":"0,67 € / p","fAfficherPrixParUniteMesure":true,"nrPVMesureBRIIDeduit":0.67,"sUrlVignetteProduit":"https://fd7-photos.leclercdrive.fr/image.ashx?id=2400082&use=l&cat=p&typeid=i","fEstBRIIActifEtDisponible":false,"fBriiAffichageSticker":false,"fPrixAvantageux":false,"sUrlLogoBrii":"","sUrlStickerCampagne":"","sTexteLogoBRII":"Promotion BRII","sTexteTooltipLot":"","fEstVisiblePictoPromoTEL":false,"sCodeLotHeterogene":"","sUrlLogoTEL":"","sTexteLogoTel":"Promotion TEL","sLibellePictoAjouterProduit":"Ajouter au panier","sLibelleUrlNaviguerRayon":"Voir le rayon","iQuantitePanier":0,"rTotalAPayer":0.0,"sTotalAPayer":"0,00 €","sOrigineZoneDepeche":"FRANCE","fVoirRayon":false,"sUrlVoirRayon":"","eDisponibilite":1,"iIdElementPresentationPrincipale":284356,"fProduitSubstitution":false,"sTexteEcoParticipationPrix":"","fAppartientAUneListe":false,"sMsgHeaderPopinAuthen":"Vous devez être identifié(e) pour ajouter le produit à vos listes.","fAfficherTexteProduitIndispo":true,"sTexteProduitIndispo":"","sTexteProduitIndispoCarte":"","fGainsBRD":false,"eTypeProduit":1,"sUrlPageProduit":"https://fd7-courses.leclercdrive.fr/magasin-079111-Massy-Palaiseau/fiche-produits-166405-Pomme-rustique-Bio-Village.aspx","iQteMinPanier":0,"iQteMaxPanier":1000,"sUrlLogoDemandeVocale":"/_res/release/_img/ascWCRS414_PanierBot/picto-commande-vocale.svg?v=638150862400000000","fEstDansDemandeVocale":false,"fEstProduitCategorieCommerciale":false,"lstMentionsProduit":[{"sLibelleMention":"Origine","sLibelleValeur":"FRANCE","iIdProduit":0,"iIdMention":789,"sTypeMention":"ORIG","iIdStatut":1,"iIdCombinaisonMention":"9e57d5b9-eb1e-4b34-b679-bd21794382ed"},{"sLibelleMention":"Catégorie","sLibelleValeur":"CAT-2-","iIdProduit":0,"iIdMention":790,"sTypeMention":"AUTR","iIdStatut":1,"iIdCombinaisonMention":"9e57d5b9-eb1e-4b34-b679-bd21794382ed"},{"sLibelleMention":"Calibre","sLibelleValeur":"115/135G","iIdProduit":0,"iIdMention":791,"sTypeMention":"AUTR","iIdStatut":1,"iIdCombinaisonMention":"9e57d5b9-eb1e-4b34-b679-bd21794382ed"},{"sLibelleMention":"Variété","sLibelleValeur":"CHANTELOUP","iIdProduit":0,"iIdMention":792,"sTypeMention":"AUTR","iIdStatut":1,"iIdCombinaisonMention":"9e57d5b9-eb1e-4b34-b679-bd21794382ed"}],"objAvisClient":{"IdProduit":166405,"IdProduitBZV":107017,"Addon":"05","Note":{"Valeur":3.0,"IdPicto":159},"NbAvis":2},"sIdUnique":"Produit166405"},"lstEnfants":[]},{"objElement":{"sNoPointLivraison":"079111","iIdProduit":96934,"iIdRayon":284314,"iIdFamille":284557,"niIdSousFamille":284565,"sType":"Produit","sId":"96934","niIdPhotoEnLigne":2291423,"eIncitationLot":0,"sIdUniqueRayon":"Rayon284314","iIdElementPresentation":285188,"sLibelleLigne1":"Saumon fum&#233; Bio Village","sLibelleLigne2":"Atlantique - 2 tranches - 65g","iQteDisponible":8,"sPrixUnitaire":"3,33 €","fAfficherPrixUnitaire":true,"nrPVBRIIDeduit":3.33,"sPrixPromo":"3,33 €","sPrixParUniteDeMesure":"51,23 € / kg","fAfficherPrixParUniteMesure":true,"nrPVMesureBRIIDeduit":51.23,"sUrlVignetteProduit":"https://fd7-photos.leclercdrive.fr/image.ashx?id=2291423&use=l&cat=p&typeid=i","fEstBRIIActifEtDisponible":false,"fBriiAffichageSticker":false,"fPrixAvantageux":false,"sUrlLogoBrii":"","sUrlStickerCampagne":"","sTexteLogoBRII":"Promotion BRII","sTexteTooltipLot":"","fEstVisiblePictoPromoTEL":false,"sCodeLotHeterogene":"","sUrlLogoTEL":"","sTexteLogoTel":"Promotion TEL","sLibellePictoAjouterProduit":"Ajouter au panier","sLibelleUrlNaviguerRayon":"Voir le rayon","iQuantitePanier":0,"rTotalAPayer":0.0,"sTotalAPayer":"0,00 €","sOrigineZoneDepeche":"","fVoirRayon":false,"sUrlVoirRayon":"","eDisponibilite":0,"iIdElementPresentationPrincipale":285188,"fProduitSubstitution":false,"sTexteEcoParticipationPrix":"","fAppartientAUneListe":false,"sMsgHeaderPopinAuthen":"Vous devez être identifié(e) pour ajouter le produit à vos listes.","fAfficherTexteProduitIndispo":false,"sTexteProduitIndispo":"","sTexteProduitIndispoCarte":"","fGainsBRD":false,"eTypeProduit":1,"sUrlPageProduit":"https://fd7-courses.leclercdrive.fr/magasin-079111-Massy-Palaiseau/fiche-produits-96934-Saumon-fume-Bio-Village.aspx","iQteMinPanier":0,"iQteMaxPanier":1000,"sUrlLogoDemandeVocale":"/_res/release/_img/ascWCRS414_PanierBot/picto-commande-vocale.svg?v=638150862400000000","fEstDansDemandeVocale":false,"fEstProduitCategorieCommerciale":false,"lstMentionsProduit":[],"objAvisClient":{"IdProduit":96934,"IdProduitBZV":97619,"Addon":"05","Note":{"Valeur":5.0,"IdPicto":163},"NbAvis":2},"sIdUnique":"Produit96934"},"lstEnfants":[]},{"objElement":{"sNoPointLivraison":"079111","iIdProduit":32516,"iIdRayon":284314,"iIdFamille":284557,"niIdSousFamille":284565,"sType":"Produit","sId":"32516","niIdPhotoEnLigne":2374606,"eIncitationLot":0,"sIdUniqueRayon":"Rayon284314","iIdElementPresentation":285188,"sLibelleLigne1":"Saumon fum&#233; Bio Village","sLibelleLigne2":"Atlantique 4 tranches - 120g","iQteDisponible":8,"sPrixUnitaire":"5,38 €","fAfficherPrixUnitaire":true,"nrPVBRIIDeduit":5.38,"sPrixPromo":"5,38 €","sPrixParUniteDeMesure":"44,83 € / kg","fAfficherPrixParUniteMesure":true,"nrPVMesureBRIIDeduit":44.83,"sUrlVignetteProduit":"https://fd7-photos.leclercdrive.fr/image.ashx?id=2374606&use=l&cat=p&typeid=i","fEstBRIIActifEtDisponible":false,"fBriiAffichageSticker":false,"fPrixAvantageux":false,"sUrlLogoBrii":"","sUrlStickerCampagne":"","sTexteLogoBRII":"Promotion BRII","sTexteTooltipLot":"","fEstVisiblePictoPromoTEL":false,"sCodeLotHeterogene":"","sUrlLogoTEL":"","sTexteLogoTel":"Promotion TEL","sLibellePictoAjouterProduit":"Ajouter au panier","sLibelleUrlNaviguerRayon":"Voir le rayon","iQuantitePanier":0,"rTotalAPayer":0.0,"sTotalAPayer":"0,00 €","sOrigineZoneDepeche":"","fVoirRayon":false,"sUrlVoirRayon":"","eDisponibilite":0,"iIdElementPresentationPrincipale":285188,"fProduitSubstitution":false,"sTexteEcoParticipationPrix":"","fAppartientAUneListe":false,"sMsgHeaderPopinAuthen":"Vous devez être identifié(e) pour ajouter le produit à vos listes.","fAfficherTexteProduitIndispo":false,"sTexteProduitIndispo":"","sTexteProduitIndispoCarte":"","fGainsBRD":false,"eTypeProduit":1,"sUrlPageProduit":"https://fd7-courses.leclercdrive.fr/magasin-079111-Massy-Palaiseau/fiche-produits-32516-Saumon-fume-Bio-Village.aspx","iQteMinPanier":0,"iQteMaxPanier":1000,"sUrlLogoDemandeVocale":"/_res/release/_img/ascWCRS414_PanierBot/picto-commande-vocale.svg?v=638150862400000000","fEstDansDemandeVocale":false,"fEstProduitCategorieCommerciale":false,"lstMentionsProduit":[],"objAvisClient":{"IdProduit":32516,"IdProduitBZV":44001,"Addon":"00","Note":{"Valeur":4.0,"IdPicto":161},"NbAvis":6},"sIdUnique":"Produit32516"},"lstEnfants":[]},{"objElement":{"sNoPointLivraison":"079111","iIdProduit":26464,"iIdRayon":284314,"iIdFamille":284557,"niIdSousFamille":284565,"sType":"Produit","sId":"26464","niIdPhotoEnLigne":2470671,"eIncitationLot":0,"sIdUniqueRayon":"Rayon284314","iIdElementPresentation":284332,"sLibelleLigne1":"Steak hach&#233; Bio Village","sLibelleLigne2":"5%mg - 2x100g","iQteDisponible":0,"sPrixUnitaire":"4,49 €","fAfficherPrixUnitaire":false,"nrPVBRIIDeduit":4.49,"sPrixPromo":"4,49 €","sPrixParUniteDeMesure":"22,45 € / kg","fAfficherPrixParUniteMesure":false,"nrPVMesureBRIIDeduit":22.45,"sUrlVignetteProduit":"https://fd7-photos.leclercdrive.fr/image.ashx?id=2470671&use=l&cat=p&typeid=i","fEstBRIIActifEtDisponible":false,"fBriiAffichageSticker":false,"fPrixAvantageux":false,"sUrlLogoBrii":"","sUrlStickerCampagne":"","sTexteLogoBRII":"Promotion BRII","sTexteTooltipLot":"","fEstVisiblePictoPromoTEL":false,"sCodeLotHeterogene":"","sUrlLogoTEL":"","sTexteLogoTel":"Promotion TEL","sLibellePictoAjouterProduit":"Ajouter au panier","sLibelleUrlNaviguerRayon":"Voir le rayon","iQuantitePanier":0,"rTotalAPayer":0.0,"sTotalAPayer":"0,00 €","sOrigineZoneDepeche":"","fVoirRayon":false,"sUrlVoirRayon":"","eDisponibilite":1,"iIdElementPresentationPrincipale":284332,"fProduitSubstitution":true,"sTexteEcoParticipationPrix":"","fAppartientAUneListe":false,"sMsgHeaderPopinAuthen":"Vous devez être identifié(e) pour ajouter le produit à vos listes.","fAfficherTexteProduitIndispo":true,"sTexteProduitIndispo":"","sTexteProduitIndispoCarte":"","fGainsBRD":false,"eTypeProduit":1,"sUrlPageProduit":"https://fd7-courses.leclercdrive.fr/magasin-079111-Massy-Palaiseau/fiche-produits-26464-Steak-hache-Bio-Village.aspx","iQteMinPanier":0,"iQteMaxPanier":1000,"sUrlLogoDemandeVocale":"/_res/release/_img/ascWCRS414_PanierBot/picto-commande-vocale.svg?v=638150862400000000","fEstDansDemandeVocale":false,"fEstProduitCategorieCommerciale":false,"lstMentionsProduit":[],"objAvisClient":{"IdProduit":26464,"IdProduitBZV":9594,"Addon":"01","Note":{"Valeur":4.0,"IdPicto":161},"NbAvis":16},"sIdUnique":"Produit26464"},"lstEnfants":[]},{"objElement":{"sNoPointLivraison":"079111","iIdProduit":27363,"iIdRayon":284314,"iIdFamille":284557,"niIdSousFamille":284565,"sType":"Produit","sId":"27363","niIdPhotoEnLigne":2241441,"eIncitationLot":0,"sIdUniqueRayon":"Rayon284314","iIdElementPresentation":284332,"sLibelleLigne1":"Steak hach&#233; 5%mg Bio Village","sLibelleLigne2":"fa&#231;on bouch&#232;re - 2X125g ","iQteDisponible":0,"sPrixUnitaire":"5,59 €","fAfficherPrixUnitaire":false,"nrPVBRIIDeduit":5.59,"sPrixPromo":"5,59 €","sPrixParUniteDeMesure":"22,36 € / kg","fAfficherPrixParUniteMesure":false,"nrPVMesureBRIIDeduit":22.36,"sUrlVignetteProduit":"https://fd7-photos.leclercdrive.fr/image.ashx?id=2241441&use=l&cat=p&typeid=i","fEstBRIIActifEtDisponible":false,"fBriiAffichageSticker":false,"fPrixAvantageux":false,"sUrlLogoBrii":"","sUrlStickerCampagne":"","sTexteLogoBRII":"Promotion BRII","sTexteTooltipLot":"","fEstVisiblePictoPromoTEL":false,"sCodeLotHeterogene":"","sUrlLogoTEL":"","sTexteLogoTel":"Promotion TEL","sLibellePictoAjouterProduit":"Ajouter au panier","sLibelleUrlNaviguerRayon":"Voir le rayon","iQuantitePanier":0,"rTotalAPayer":0.0,"sTotalAPayer":"0,00 €","sOrigineZoneDepeche":"","fVoirRayon":false,"sUrlVoirRayon":"","eDisponibilite":1,"iIdElementPresentationPrincipale":284332,"fProduitSubstitution":true,"sTexteEcoParticipationPrix":"","fAppartientAUneListe":false,"sMsgHeaderPopinAuthen":"Vous devez être identifié(e) pour ajouter le produit à vos listes.","fAfficherTexteProduitIndispo":true,"sTexteProduitIndispo":"","sTexteProduitIndispoCarte":"","fGainsBRD":false,"eTypeProduit":1,"sUrlPageProduit":"https://fd7-courses.leclercdrive.fr/magasin-079111-Massy-Palaiseau/fiche-produits-27363-Steak-hache-5mg-Bio-Village.aspx","iQteMinPanier":0,"iQteMaxPanier":1000,"sUrlLogoDemandeVocale":"/_res/release/_img/ascWCRS414_PanierBot/picto-commande-vocale.svg?v=638150862400000000","fEstDansDemandeVocale":false,"fEstProduitCategorieCommerciale":false,"lstMentionsProduit":[],"objAvisClient":{"IdProduit":27363,"IdProduitBZV":54491,"Addon":"01","Note":{"Valeur":1.0,"IdPicto":155},"NbAvis":1},"sIdUnique":"Produit27363"},"lstEnfants":[]},{"objElement":{"sNoPointLivraison":"079111","iIdProduit":60151,"iIdRayon":284314,"iIdFamille":284557,"niIdSousFamille":284565,"sType":"Produit","sId":"60151","niIdPhotoEnLigne":2464744,"eIncitationLot":0,"sIdUniqueRayon":"Rayon284314","iIdElementPresentation":284340,"sLibelleLigne1":"Cordon bleu Nature de France ","sLibelleLigne2":"Emmental Bio - 200g","iQteDisponible":2,"sPrixUnitaire":"5,49 €","fAfficherPrixUnitaire":true,"nrPVBRIIDeduit":5.49,"sPrixPromo":"5,49 €","sPrixParUniteDeMesure":"27,45 € / kg","fAfficherPrixParUniteMesure":true,"nrPVMesureBRIIDeduit":27.45,"sUrlVignetteProduit":"https://fd7-photos.leclercdrive.fr/image.ashx?id=2464744&use=l&cat=p&typeid=i","fEstBRIIActifEtDisponible":false,"fBriiAffichageSticker":false,"fPrixAvantageux":false,"sUrlLogoBrii":"","sUrlStickerCampagne":"","sTexteLogoBRII":"Promotion BRII","sTexteTooltipLot":"","fEstVisiblePictoPromoTEL":false,"sCodeLotHeterogene":"","sUrlLogoTEL":"","sTexteLogoTel":"Promotion TEL","sLibellePictoAjouterProduit":"Ajouter au panier","sLibelleUrlNaviguerRayon":"Voir le rayon","iQuantitePanier":0,"rTotalAPayer":0.0,"sTotalAPayer":"0,00 €","sOrigineZoneDepeche":"","fVoirRayon":false,"sUrlVoirRayon":"","eDisponibilite":0,"iIdElementPresentationPrincipale":284340,"fProduitSubstitution":false,"sTexteEcoParticipationPrix":"","fAppartientAUneListe":false,"sMsgHeaderPopinAuthen":"Vous devez être identifié(e) pour ajouter le produit à vos listes.","fAfficherTexteProduitIndispo":false,"sTexteProduitIndispo":"","sTexteProduitIndispoCarte":"","fGainsBRD":false,"eTypeProduit":1,"sUrlPageProduit":"https://fd7-courses.leclercdrive.fr/magasin-079111-Massy-Palaiseau/fiche-produits-60151-Cordon-bleu-Nature-de-France-.aspx","iQteMinPanier":0,"iQteMaxPanier":1000,"sUrlLogoDemandeVocale":"/_res/release/_img/ascWCRS414_PanierBot/picto-commande-vocale.svg?v=638150862400000000","fEstDansDemandeVocale":false,"fEstProduitCategorieCommerciale":false,"lstMentionsProduit":[],"objAvisClient":{"IdProduit":60151,"IdProduitBZV":35150,"Addon":"AUCUN","Note":{"Valeur":2.5,"IdPicto":158},"NbAvis":2},"sIdUnique":"Produit60151"},"lstEnfants":[]},{"objElement":{"sNoPointLivraison":"079111","iIdProduit":90662,"iIdRayon":284314,"iIdFamille":284557,"niIdSousFamille":284565,"sType":"Produit","sId":"90662","niIdPhotoEnLigne":2464741,"eIncitationLot":0,"sIdUniqueRayon":"Rayon284314","iIdElementPresentation":284340,"sLibelleLigne1":"Nuggets poulet Nature de France","sLibelleLigne2":"Bio - 200g","iQteDisponible":0,"sPrixUnitaire":"4,99 €","fAfficherPrixUnitaire":false,"nrPVBRIIDeduit":4.99,"sPrixPromo":"4,99 €","sPrixParUniteDeMesure":"24,95 € / kg","fAfficherPrixParUniteMesure":false,"nrPVMesureBRIIDeduit":24.95,"sUrlVignetteProduit":"https://fd7-photos.leclercdrive.fr/image.ashx?id=2464741&use=l&cat=p&typeid=i","fEstBRIIActifEtDisponible":false,"fBriiAffichageSticker":false,"fPrixAvantageux":false,"sUrlLogoBrii":"","sUrlStickerCampagne":"","sTexteLogoBRII":"Promotion BRII","sTexteTooltipLot":"","fEstVisiblePictoPromoTEL":false,"sCodeLotHeterogene":"","sUrlLogoTEL":"","sTexteLogoTel":"Promotion TEL","sLibellePictoAjouterProduit":"Ajouter au panier","sLibelleUrlNaviguerRayon":"Voir le rayon","iQuantitePanier":0,"rTotalAPayer":0.0,"sTotalAPayer":"0,00 €","sOrigineZoneDepeche":"","fVoirRayon":false,"sUrlVoirRayon":"","eDisponibilite":1,"iIdElementPresentationPrincipale":284340,"fProduitSubstitution":true,"sTexteEcoParticipationPrix":"","fAppartientAUneListe":false,"sMsgHeaderPopinAuthen":"Vous devez être identifié(e) pour ajouter le produit à vos listes.","fAfficherTexteProduitIndispo":true,"sTexteProduitIndispo":"","sTexteProduitIndispoCarte":"","fGainsBRD":false,"eTypeProduit":1,"sUrlPageProduit":"https://fd7-courses.leclercdrive.fr/magasin-079111-Massy-Palaiseau/fiche-produits-90662-Nuggets-poulet-Nature-de-France.aspx","iQteMinPanier":0,"iQteMaxPanier":1000,"sUrlLogoDemandeVocale":"/_res/release/_img/ascWCRS414_PanierBot/picto-commande-vocale.svg?v=638150862400000000","fEstDansDemandeVocale":false,"fEstProduitCategorieCommerciale":false,"lstMentionsProduit":[],"objAvisClient":{"IdProduit":90662,"IdProduitBZV":22476,"Addon":"AUCUN","Note":{"Valeur":3.0,"IdPicto":159},"NbAvis":5},"sIdUnique":"Produit90662"},"lstEnfants":[]},{"objElement":{"sNoPointLivraison":"079111","iIdProduit":69291,"iIdRayon":284314,"iIdFamille":284557,"niIdSousFamille":284565,"sType":"Produit","sId":"69291","niIdPhotoEnLigne":2376527,"eIncitationLot":0,"sIdUniqueRayon":"Rayon284314","iIdElementPresentation":306317,"sLibelleLigne1":"Blanc de poulet Fleury Michon","sLibelleLigne2":"Bio x4 - 120g","iQteDisponible":4,"sPrixUnitaire":"5,15 €","fAfficherPrixUnitaire":true,"nrPVBRIIDeduit":5.15,"sPrixPromo":"5,15 €","sPrixParUniteDeMesure":"42,92 € / kg","fAfficherPrixParUniteMesure":true,"nrPVMesureBRIIDeduit":42.92,"sUrlVignetteProduit":"https://fd7-photos.leclercdrive.fr/image.ashx?id=2376527&use=l&cat=p&typeid=i","fEstBRIIActifEtDisponible":false,"fBriiAffichageSticker":false,"fPrixAvantageux":false,"sUrlLogoBrii":"","sUrlStickerCampagne":"","sTexteLogoBRII":"Promotion BRII","sTexteTooltipLot":"","fEstVisiblePictoPromoTEL":true,"sCodeLotHeterogene":"","sUrlLogoTEL":"https://fd7-photos.leclercdrive.fr/StickerPromo.ashx?type=100&val=10.00&unit=1&mindim=41&v=2","sTexteLogoTel":"Promotion TEL","sLibellePictoAjouterProduit":"Ajouter au panier","sLibelleUrlNaviguerRayon":"Voir le rayon","iQuantitePanier":0,"rTotalAPayer":0.0,"sTotalAPayer":"0,00 €","sOrigineZoneDepeche":"","fVoirRayon":false,"sUrlVoirRayon":"","eDisponibilite":0,"iIdElementPresentationPrincipale":306317,"fProduitSubstitution":false,"sTexteEcoParticipationPrix":"","fAppartientAUneListe":false,"sMsgHeaderPopinAuthen":"Vous devez être identifié(e) pour ajouter le produit à vos listes.","fAfficherTexteProduitIndispo":false,"sTexteProduitIndispo":"","sTexteProduitIndispoCarte":"","fGainsBRD":false,"eTypeProduit":1,"sUrlPageProduit":"https://fd7-courses.leclercdrive.fr/magasin-079111-Massy-Palaiseau/fiche-produits-69291-Blanc-de-poulet-Fleury-Michon.aspx","iQteMinPanier":0,"iQteMaxPanier":1000,"sUrlLogoDemandeVocale":"/_res/release/_img/ascWCRS414_PanierBot/picto-commande-vocale.svg?v=638150862400000000","fEstDansDemandeVocale":false,"fEstProduitCategorieCommerciale":false,"lstMentionsProduit":[],"objAvisClient":{"IdProduit":69291,"IdProduitBZV":79153,"Addon":"AUCUN","Note":{"Valeur":5.0,"IdPicto":163},"NbAvis":1},"sIdUnique":"Produit69291"},"lstEnfants":[]},{"objElement":{"sNoPointLivraison":"079111","iIdProduit":15590,"iIdRayon":284314,"iIdFamille":284557,"niIdSousFamille":284566,"sType":"Produit","sId":"15590","niIdPhotoEnLigne":2276822,"eIncitationLot":0,"sIdUniqueRayon":"Rayon284314","iIdElementPresentation":284359,"sLibelleLigne1":"pain complet 3 c&#233;r&#233;ales bio ","sLibelleLigne2":"bjorg 500g","iQteDisponible":0,"sPrixUnitaire":"2,20 €","fAfficherPrixUnitaire":true,"nrPVBRIIDeduit":2.20,"sPrixPromo":"2,20 €","sPrixParUniteDeMesure":"4,40 € / kg","fAfficherPrixParUniteMesure":true,"nrPVMesureBRIIDeduit":4.40,"sUrlVignetteProduit":"https://fd7-photos.leclercdrive.fr/image.ashx?id=2276822&use=l&cat=p&typeid=i","fEstBRIIActifEtDisponible":false,"fBriiAffichageSticker":false,"fPrixAvantageux":false,"sUrlLogoBrii":"","sUrlStickerCampagne":"","sTexteLogoBRII":"Promotion BRII","sTexteTooltipLot":"","fEstVisiblePictoPromoTEL":false,"sCodeLotHeterogene":"","sUrlLogoTEL":"","sTexteLogoTel":"Promotion TEL","sLibellePictoAjouterProduit":"Ajouter au panier","sLibelleUrlNaviguerRayon":"Voir le rayon","iQuantitePanier":0,"rTotalAPayer":0.0,"sTotalAPayer":"0,00 €","sOrigineZoneDepeche":"","fVoirRayon":false,"sUrlVoirRayon":"","eDisponibilite":1,"iIdElementPresentationPrincipale":284359,"fProduitSubstitution":false,"sTexteEcoParticipationPrix":"","fAppartientAUneListe":false,"sMsgHeaderPopinAuthen":"Vous devez être identifié(e) pour ajouter le produit à vos listes.","fAfficherTexteProduitIndispo":true,"sTexteProduitIndispo":"","sTexteProduitIndispoCarte":"","fGainsBRD":false,"eTypeProduit":1,"sUrlPageProduit":"https://fd7-courses.leclercdrive.fr/magasin-079111-Massy-Palaiseau/fiche-produits-15590-pain-complet-3-cereales-bio-.aspx","iQteMinPanier":0,"iQteMaxPanier":1000,"sUrlLogoDemandeVocale":"/_res/release/_img/ascWCRS414_PanierBot/picto-commande-vocale.svg?v=638150862400000000","fEstDansDemandeVocale":false,"fEstProduitCategorieCommerciale":false,"lstMentionsProduit":[],"objAvisClient":{"IdProduit":15590,"IdProduitBZV":40039,"Addon":"AUCUN","Note":{"Valeur":3.0,"IdPicto":159},"NbAvis":14},"sIdUnique":"Produit15590"},"lstEnfants":[]},{"objElement":{"sNoPointLivraison":"079111","iIdProduit":15048,"iIdRayon":284314,"iIdFamille":284557,"niIdSousFamille":284566,"sType":"Produit","sId":"15048","niIdPhotoEnLigne":2375458,"eIncitationLot":0,"sIdUniqueRayon":"Rayon284314","iIdElementPresentation":284359,"sLibelleLigne1":"Pain pr&#233;cuit Bio Village","sLibelleLigne2":"Demi-baguette x2 - 250g","iQteDisponible":7,"sPrixUnitaire":"2,09 €","fAfficherPrixUnitaire":true,"nrPVBRIIDeduit":2.09,"sPrixPromo":"2,09 €","sPrixParUniteDeMesure":"8,36 € / kg","fAfficherPrixParUniteMesure":true,"nrPVMesureBRIIDeduit":8.36,"sUrlVignetteProduit":"https://fd7-photos.leclercdrive.fr/image.ashx?id=2375458&use=l&cat=p&typeid=i","fEstBRIIActifEtDisponible":false,"fBriiAffichageSticker":false,"fPrixAvantageux":false,"sUrlLogoBrii":"","sUrlStickerCampagne":"","sTexteLogoBRII":"Promotion BRII","sTexteTooltipLot":"","fEstVisiblePictoPromoTEL":false,"sCodeLotHeterogene":"","sUrlLogoTEL":"","sTexteLogoTel":"Promotion TEL","sLibellePictoAjouterProduit":"Ajouter au panier","sLibelleUrlNaviguerRayon":"Voir le rayon","iQuantitePanier":0,"rTotalAPayer":0.0,"sTotalAPayer":"0,00 €","sOrigineZoneDepeche":"","fVoirRayon":false,"sUrlVoirRayon":"","eDisponibilite":0,"iIdElementPresentationPrincipale":284359,"fProduitSubstitution":false,"sTexteEcoParticipationPrix":"","fAppartientAUneListe":false,"sMsgHeaderPopinAuthen":"Vous devez être identifié(e) pour ajouter le produit à vos listes.","fAfficherTexteProduitIndispo":false,"sTexteProduitIndispo":"","sTexteProduitIndispoCarte":"","fGainsBRD":false,"eTypeProduit":1,"sUrlPageProduit":"https://fd7-courses.leclercdrive.fr/magasin-079111-Massy-Palaiseau/fiche-produits-15048-Pain-precuit-Bio-Village.aspx","iQteMinPanier":0,"iQteMaxPanier":1000,"sUrlLogoDemandeVocale":"/_res/release/_img/ascWCRS414_PanierBot/picto-commande-vocale.svg?v=638150862400000000","fEstDansDemandeVocale":false,"fEstProduitCategorieCommerciale":false,"lstMentionsProduit":[],"objAvisClient":{"IdProduit":15048,"IdProduitBZV":8992,"Addon":"01","Note":{"Valeur":5.0,"IdPicto":163},"NbAvis":9},"sIdUnique":"Produit15048"},"lstEnfants":[]},{"objElement":{"sNoPointLivraison":"079111","iIdProduit":45259,"iIdRayon":284314,"iIdFamille":284557,"niIdSousFamille":284566,"sType":"Produit","sId":"45259","niIdPhotoEnLigne":2265894,"eIncitationLot":0,"sIdUniqueRayon":"Rayon284314","iIdElementPresentation":284359,"sLibelleLigne1":"Pain C&#233;r&#233;al Bio ","sLibelleLigne2":"Azyme Froment 200g","iQteDisponible":4,"sPrixUnitaire":"3,24 €","fAfficherPrixUnitaire":true,"nrPVBRIIDeduit":3.24,"sPrixPromo":"3,24 €","sPrixParUniteDeMesure":"16,20 € / kg","fAfficherPrixParUniteMesure":true,"nrPVMesureBRIIDeduit":16.20,"sUrlVignetteProduit":"https://fd7-photos.leclercdrive.fr/image.ashx?id=2265894&use=l&cat=p&typeid=i","fEstBRIIActifEtDisponible":false,"fBriiAffichageSticker":false,"fPrixAvantageux":false,"sUrlLogoBrii":"","sUrlStickerCampagne":"","sTexteLogoBRII":"Promotion BRII","sTexteTooltipLot":"","fEstVisiblePictoPromoTEL":false,"sCodeLotHeterogene":"","sUrlLogoTEL":"","sTexteLogoTel":"Promotion TEL","sLibellePictoAjouterProduit":"Ajouter au panier","sLibelleUrlNaviguerRayon":"Voir le rayon","iQuantitePanier":0,"rTotalAPayer":0.0,"sTotalAPayer":"0,00 €","sOrigineZoneDepeche":"","fVoirRayon":false,"sUrlVoirRayon":"","eDisponibilite":0,"iIdElementPresentationPrincipale":284359,"fProduitSubstitution":false,"sTexteEcoParticipationPrix":"","fAppartientAUneListe":false,"sMsgHeaderPopinAuthen":"Vous devez être identifié(e) pour ajouter le produit à vos listes.","fAfficherTexteProduitIndispo":false,"sTexteProduitIndispo":"","sTexteProduitIndispoCarte":"","fGainsBRD":false,"eTypeProduit":1,"sUrlPageProduit":"https://fd7-courses.leclercdrive.fr/magasin-079111-Massy-Palaiseau/fiche-produits-45259-Pain-Cereal-Bio-.aspx","iQteMinPanier":0,"iQteMaxPanier":1000,"sUrlLogoDemandeVocale":"/_res/release/_img/ascWCRS414_PanierBot/picto-commande-vocale.svg?v=638150862400000000","fEstDansDemandeVocale":false,"fEstProduitCategorieCommerciale":false,"lstMentionsProduit":[],"objAvisClient":{"IdProduit":45259,"IdProduitBZV":63079,"Addon":"AUCUN","Note":{"Valeur":5.0,"IdPicto":163},"NbAvis":1},"sIdUnique":"Produit45259"},"lstEnfants":[]},{"objElement":{"sNoPointLivraison":"079111","iIdProduit":29764,"iIdRayon":284314,"iIdFamille":284557,"niIdSousFamille":284566,"sType":"Produit","sId":"29764","niIdPhotoEnLigne":2114427,"eIncitationLot":0,"sIdUniqueRayon":"Rayon284314","iIdElementPresentation":285530,"sLibelleLigne1":"Galettes de bl&#233; noir","sLibelleLigne2":"Bio Village x4 - 200g","iQteDisponible":1,"sPrixUnitaire":"1,80 €","fAfficherPrixUnitaire":true,"nrPVBRIIDeduit":1.80,"sPrixPromo":"1,80 €","sPrixParUniteDeMesure":"9,00 € / kg","fAfficherPrixParUniteMesure":true,"nrPVMesureBRIIDeduit":9.00,"sUrlVignetteProduit":"https://fd7-photos.leclercdrive.fr/image.ashx?id=2114427&use=l&cat=p&typeid=i","fEstBRIIActifEtDisponible":false,"fBriiAffichageSticker":false,"fPrixAvantageux":false,"sUrlLogoBrii":"","sUrlStickerCampagne":"","sTexteLogoBRII":"Promotion BRII","sTexteTooltipLot":"","fEstVisiblePictoPromoTEL":false,"sCodeLotHeterogene":"","sUrlLogoTEL":"","sTexteLogoTel":"Promotion TEL","sLibellePictoAjouterProduit":"Ajouter au panier","sLibelleUrlNaviguerRayon":"Voir le rayon","iQuantitePanier":0,"rTotalAPayer":0.0,"sTotalAPayer":"0,00 €","sOrigineZoneDepeche":"","fVoirRayon":false,"sUrlVoirRayon":"","eDisponibilite":0,"iIdElementPresentationPrincipale":285530,"fProduitSubstitution":false,"sTexteEcoParticipationPrix":"","fAppartientAUneListe":false,"sMsgHeaderPopinAuthen":"Vous devez être identifié(e) pour ajouter le produit à vos listes.","fAfficherTexteProduitIndispo":false,"sTexteProduitIndispo":"","sTexteProduitIndispoCarte":"","fGainsBRD":false,"eTypeProduit":1,"sUrlPageProduit":"https://fd7-courses.leclercdrive.fr/magasin-079111-Massy-Palaiseau/fiche-produits-29764-Galettes-de-ble-noir.aspx","iQteMinPanier":0,"iQteMaxPanier":1000,"sUrlLogoDemandeVocale":"/_res/release/_img/ascWCRS414_PanierBot/picto-commande-vocale.svg?v=638150862400000000","fEstDansDemandeVocale":false,"fEstProduitCategorieCommerciale":false,"lstMentionsProduit":[],"objAvisClient":{"IdProduit":29764,"IdProduitBZV":19262,"Addon":"00","Note":{"Valeur":4.0,"IdPicto":161},"NbAvis":14},"sIdUnique":"Produit29764"},"lstEnfants":[]}]},"objContenuGroupeVariantes":null,"lstAssocFiltreProduit":[{"iIdBloc":1,"iIdValeur":5992,"iIdProduit":9246},{"iIdBloc":1,"iIdValeur":5992,"iIdProduit":10324},{"iIdBloc":1,"iIdValeur":5992,"iIdProduit":15048},{"iIdBloc":1,"iIdValeur":5992,"iIdProduit":17937},{"iIdBloc":1,"iIdValeur":5992,"iIdProduit":20715},{"iIdBloc":1,"iIdValeur":5992,"iIdProduit":26464},{"iIdBloc":1,"iIdValeur":5992,"iIdProduit":27363},{"iIdBloc":1,"iIdValeur":5992,"iIdProduit":29764},{"iIdBloc":1,"iIdValeur":5992,"iIdProduit":32516},{"iIdBloc":1,"iIdValeur":5992,"iIdProduit":33929},{"iIdBloc":1,"iIdValeur":5992,"iIdProduit":33962},{"iIdBloc":1,"iIdValeur":5992,"iIdProduit":33979},{"iIdBloc":1,"iIdValeur":5992,"iIdProduit":46498},{"iIdBloc":1,"iIdValeur":5992,"iIdProduit":64014},{"iIdBloc":1,"iIdValeur":5992,"iIdProduit":66978},{"iIdBloc":1,"iIdValeur":5992,"iIdProduit":73689},{"iIdBloc":1,"iIdValeur":5992,"iIdProduit":74284},{"iIdBloc":1,"iIdValeur":5992,"iIdProduit":75587},{"iIdBloc":1,"iIdValeur":5992,"iIdProduit":75593},{"iIdBloc":1,"iIdValeur":5992,"iIdProduit":80229},{"iIdBloc":1,"iIdValeur":5992,"iIdProduit":80230},{"iIdBloc":1,"iIdValeur":5992,"iIdProduit":80231},{"iIdBloc":1,"iIdValeur":5992,"iIdProduit":88698},{"iIdBloc":1,"iIdValeur":5992,"iIdProduit":88707},{"iIdBloc":1,"iIdValeur":5992,"iIdProduit":91814},{"iIdBloc":1,"iIdValeur":5992,"iIdProduit":92452},{"iIdBloc":1,"iIdValeur":5992,"iIdProduit":92529},{"iIdBloc":1,"iIdValeur":5992,"iIdProduit":92702},{"iIdBloc":1,"iIdValeur":5992,"iIdProduit":93029},{"iIdBloc":1,"iIdValeur":5992,"iIdProduit":93030},{"iIdBloc":1,"iIdValeur":5992,"iIdProduit":93050},{"iIdBloc":1,"iIdValeur":5992,"iIdProduit":93071},{"iIdBloc":1,"iIdValeur":5992,"iIdProduit":95840},{"iIdBloc":1,"iIdValeur":5992,"iIdProduit":96934},{"iIdBloc":1,"iIdValeur":5992,"iIdProduit":98145},{"iIdBloc":1,"iIdValeur":5992,"iIdProduit":98438},{"iIdBloc":1,"iIdValeur":5992,"iIdProduit":100314},{"iIdBloc":1,"iIdValeur":5992,"iIdProduit":100315},{"iIdBloc":1,"iIdValeur":5992,"iIdProduit":100318},{"iIdBloc":1,"iIdValeur":5992,"iIdProduit":101580},{"iIdBloc":1,"iIdValeur":5992,"iIdProduit":102077},{"iIdBloc":1,"iIdValeur":5992,"iIdProduit":132928},{"iIdBloc":1,"iIdValeur":5992,"iIdProduit":161043},{"iIdBloc":1,"iIdValeur":5992,"iIdProduit":166405},{"iIdBloc":1,"iIdValeur":5992,"iIdProduit":177941},{"iIdBloc":1,"iIdValeur":5992,"iIdProduit":187942},{"iIdBloc":1,"iIdValeur":5992,"iIdProduit":191139},{"iIdBloc":1,"iIdValeur":37735,"iIdProduit":9246},{"iIdBloc":1,"iIdValeur":37735,"iIdProduit":10324},{"iIdBloc":1,"iIdValeur":37735,"iIdProduit":15048},{"iIdBloc":1,"iIdValeur":37735,"iIdProduit":17937},{"iIdBloc":1,"iIdValeur":37735,"iIdProduit":20715},{"iIdBloc":1,"iIdValeur":37735,"iIdProduit":26464},{"iIdBloc":1,"iIdValeur":37735,"iIdProduit":27363},{"iIdBloc":1,"iIdValeur":37735,"iIdProduit":29764},{"iIdBloc":1,"iIdValeur":37735,"iIdProduit":32516},{"iIdBloc":1,"iIdValeur":37735,"iIdProduit":33929},{"iIdBloc":1,"iIdValeur":37735,"iIdProduit":33962},{"iIdBloc":1,"iIdValeur":37735,"iIdProduit":33979},{"iIdBloc":1,"iIdValeur":37735,"iIdProduit":46498},{"iIdBloc":1,"iIdValeur":37735,"iIdProduit":64014},{"iIdBloc":1,"iIdValeur":37735,"iIdProduit":66978},{"iIdBloc":1,"iIdValeur":37735,"iIdProduit":73689},{"iIdBloc":1,"iIdValeur":37735,"iIdProduit":74284},{"iIdBloc":1,"iIdValeur":37735,"iIdProduit":75587},{"iIdBloc":1,"iIdValeur":37735,"iIdProduit":75593},{"iIdBloc":1,"iIdValeur":37735,"iIdProduit":80229},{"iIdBloc":1,"iIdValeur":37735,"iIdProduit":80230},{"iIdBloc":1,"iIdValeur":37735,"iIdProduit":80231},{"iIdBloc":1,"iIdValeur":37735,"iIdProduit":88698},{"iIdBloc":1,"iIdValeur":37735,"iIdProduit":88707},{"iIdBloc":1,"iIdValeur":37735,"iIdProduit":91814},{"iIdBloc":1,"iIdValeur":37735,"iIdProduit":92452},{"iIdBloc":1,"iIdValeur":37735,"iIdProduit":92529},{"iIdBloc":1,"iIdValeur":37735,"iIdProduit":92702},{"iIdBloc":1,"iIdValeur":37735,"iIdProduit":93029},{"iIdBloc":1,"iIdValeur":37735,"iIdProduit":93030},{"iIdBloc":1,"iIdValeur":37735,"iIdProduit":93050},{"iIdBloc":1,"iIdValeur":37735,"iIdProduit":93071},{"iIdBloc":1,"iIdValeur":37735,"iIdProduit":95840},{"iIdBloc":1,"iIdValeur":37735,"iIdProduit":96934},{"iIdBloc":1,"iIdValeur":37735,"iIdProduit":98145},{"iIdBloc":1,"iIdValeur":37735,"iIdProduit":98438},{"iIdBloc":1,"iIdValeur":37735,"iIdProduit":100314},{"iIdBloc":1,"iIdValeur":37735,"iIdProduit":100315},{"iIdBloc":1,"iIdValeur":37735,"iIdProduit":100318},{"iIdBloc":1,"iIdValeur":37735,"iIdProduit":101580},{"iIdBloc":1,"iIdValeur":37735,"iIdProduit":102077},{"iIdBloc":1,"iIdValeur":37735,"iIdProduit":132928},{"iIdBloc":1,"iIdValeur":37735,"iIdProduit":161043},{"iIdBloc":1,"iIdValeur":37735,"iIdProduit":166405},{"iIdBloc":1,"iIdValeur":37735,"iIdProduit":177941},{"iIdBloc":1,"iIdValeur":37735,"iIdProduit":187942},{"iIdBloc":1,"iIdValeur":37735,"iIdProduit":191139},{"iIdBloc":1,"iIdValeur":440678,"iIdProduit":69291},{"iIdBloc":1,"iIdValeur":440934,"iIdProduit":33218},{"iIdBloc":1,"iIdValeur":580966,"iIdProduit":45259},{"iIdBloc":1,"iIdValeur":615782,"iIdProduit":15590},{"iIdBloc":1,"iIdValeur":841574,"iIdProduit":60151},{"iIdBloc":1,"iIdValeur":841574,"iIdProduit":90662},{"iIdBloc":1,"iIdValeur":10803046,"iIdProduit":67901},{"iIdBloc":2,"iIdValeur":1,"iIdProduit":88707},{"iIdBloc":2,"iIdValeur":1,"iIdProduit":93029},{"iIdBloc":2,"iIdValeur":1,"iIdProduit":98438},{"iIdBloc":2,"iIdValeur":1,"iIdProduit":100314},{"iIdBloc":2,"iIdValeur":1,"iIdProduit":100315},{"iIdBloc":2,"iIdValeur":1,"iIdProduit":166405},{"iIdBloc":2,"iIdValeur":2,"iIdProduit":69291},{"iIdBloc":3,"iIdValeur":1,"iIdProduit":8444},{"iIdBloc":3,"iIdValeur":1,"iIdProduit":9246},{"iIdBloc":3,"iIdValeur":1,"iIdProduit":10324},{"iIdBloc":3,"iIdValeur":1,"iIdProduit":11335},{"iIdBloc":3,"iIdValeur":1,"iIdProduit":15048},{"iIdBloc":3,"iIdValeur":1,"iIdProduit":15590},{"iIdBloc":3,"iIdValeur":1,"iIdProduit":17937},{"iIdBloc":3,"iIdValeur":1,"iIdProduit":20715},{"iIdBloc":3,"iIdValeur":1,"iIdProduit":26464},{"iIdBloc":3,"iIdValeur":1,"iIdProduit":27363},{"iIdBloc":3,"iIdValeur":1,"iIdProduit":29764},{"iIdBloc":3,"iIdValeur":1,"iIdProduit":32516},{"iIdBloc":3,"iIdValeur":1,"iIdProduit":33218},{"iIdBloc":3,"iIdValeur":1,"iIdProduit":33929},{"iIdBloc":3,"iIdValeur":1,"iIdProduit":33962},{"iIdBloc":3,"iIdValeur":1,"iIdProduit":33979},{"iIdBloc":3,"iIdValeur":1,"iIdProduit":36432},{"iIdBloc":3,"iIdValeur":1,"iIdProduit":45259},{"iIdBloc":3,"iIdValeur":1,"iIdProduit":46498},{"iIdBloc":3,"iIdValeur":1,"iIdProduit":60151},{"iIdBloc":3,"iIdValeur":1,"iIdProduit":64014},{"iIdBloc":3,"iIdValeur":1,"iIdProduit":66978},{"iIdBloc":3,"iIdValeur":1,"iIdProduit":67901},{"iIdBloc":3,"iIdValeur":1,"iIdProduit":69291},{"iIdBloc":3,"iIdValeur":1,"iIdProduit":73689},{"iIdBloc":3,"iIdValeur":1,"iIdProduit":74284},{"iIdBloc":3,"iIdValeur":1,"iIdProduit":75587},{"iIdBloc":3,"iIdValeur":1,"iIdProduit":75593},{"iIdBloc":3,"iIdValeur":1,"iIdProduit":80229},{"iIdBloc":3,"iIdValeur":1,"iIdProduit":80230},{"iIdBloc":3,"iIdValeur":1,"iIdProduit":80231},{"iIdBloc":3,"iIdValeur":1,"iIdProduit":88698},{"iIdBloc":3,"iIdValeur":1,"iIdProduit":88707},{"iIdBloc":3,"iIdValeur":1,"iIdProduit":90662},{"iIdBloc":3,"iIdValeur":1,"iIdProduit":91814},{"iIdBloc":3,"iIdValeur":1,"iIdProduit":92452},{"iIdBloc":3,"iIdValeur":1,"iIdProduit":92529},{"iIdBloc":3,"iIdValeur":1,"iIdProduit":92702},{"iIdBloc":3,"iIdValeur":1,"iIdProduit":93029},{"iIdBloc":3,"iIdValeur":1,"iIdProduit":93030},{"iIdBloc":3,"iIdValeur":1,"iIdProduit":93050},{"iIdBloc":3,"iIdValeur":1,"iIdProduit":93071},{"iIdBloc":3,"iIdValeur":1,"iIdProduit":95840},{"iIdBloc":3,"iIdValeur":1,"iIdProduit":96934},{"iIdBloc":3,"iIdValeur":1,"iIdProduit":98145},{"iIdBloc":3,"iIdValeur":1,"iIdProduit":98438},{"iIdBloc":3,"iIdValeur":1,"iIdProduit":100314},{"iIdBloc":3,"iIdValeur":1,"iIdProduit":100315},{"iIdBloc":3,"iIdValeur":1,"iIdProduit":100318},{"iIdBloc":3,"iIdValeur":1,"iIdProduit":101580},{"iIdBloc":3,"iIdValeur":1,"iIdProduit":102077},{"iIdBloc":3,"iIdValeur":1,"iIdProduit":132928},{"iIdBloc":3,"iIdValeur":1,"iIdProduit":161043},{"iIdBloc":3,"iIdValeur":1,"iIdProduit":166405},{"iIdBloc":3,"iIdValeur":1,"iIdProduit":177941},{"iIdBloc":3,"iIdValeur":1,"iIdProduit":187942},{"iIdBloc":3,"iIdValeur":1,"iIdProduit":191139},{"iIdBloc":3,"iIdValeur":4,"iIdProduit":101580},{"iIdBloc":12,"iIdValeur":1,"iIdProduit":11335},{"iIdBloc":12,"iIdValeur":1,"iIdProduit":15590},{"iIdBloc":12,"iIdValeur":1,"iIdProduit":17937},{"iIdBloc":12,"iIdValeur":1,"iIdProduit":20715},{"iIdBloc":12,"iIdValeur":1,"iIdProduit":26464},{"iIdBloc":12,"iIdValeur":1,"iIdProduit":27363},{"iIdBloc":12,"iIdValeur":1,"iIdProduit":33218},{"iIdBloc":12,"iIdValeur":1,"iIdProduit":33929},{"iIdBloc":12,"iIdValeur":1,"iIdProduit":45259},{"iIdBloc":12,"iIdValeur":1,"iIdProduit":64014},{"iIdBloc":12,"iIdValeur":2,"iIdProduit":15048},{"iIdBloc":12,"iIdValeur":2,"iIdProduit":29764},{"iIdBloc":12,"iIdValeur":2,"iIdProduit":33962},{"iIdBloc":12,"iIdValeur":2,"iIdProduit":60151},{"iIdBloc":12,"iIdValeur":2,"iIdProduit":80229},{"iIdBloc":12,"iIdValeur":2,"iIdProduit":90662},{"iIdBloc":12,"iIdValeur":3,"iIdProduit":33979},{"iIdBloc":12,"iIdValeur":3,"iIdProduit":69291},{"iIdBloc":12,"iIdValeur":3,"iIdProduit":80231},{"iIdBloc":12,"iIdValeur":4,"iIdProduit":32516},{"iIdBloc":12,"iIdValeur":4,"iIdProduit":80230},{"iIdBloc":12,"iIdValeur":4,"iIdProduit":96934},{"iIdBloc":14,"iIdValeur":1,"iIdProduit":15048},{"iIdBloc":14,"iIdValeur":1,"iIdProduit":45259},{"iIdBloc":14,"iIdValeur":1,"iIdProduit":69291},{"iIdBloc":14,"iIdValeur":1,"iIdProduit":88707},{"iIdBloc":14,"iIdValeur":1,"iIdProduit":96934},{"iIdBloc":14,"iIdValeur":1,"iIdProduit":132928},{"iIdBloc":14,"iIdValeur":2,"iIdProduit":10324},{"iIdBloc":14,"iIdValeur":2,"iIdProduit":20715},{"iIdBloc":14,"iIdValeur":2,"iIdProduit":26464},{"iIdBloc":14,"iIdValeur":2,"iIdProduit":29764},{"iIdBloc":14,"iIdValeur":2,"iIdProduit":32516},{"iIdBloc":14,"iIdValeur":2,"iIdProduit":80229},{"iIdBloc":14,"iIdValeur":2,"iIdProduit":80230},{"iIdBloc":14,"iIdValeur":2,"iIdProduit":80231},{"iIdBloc":14,"iIdValeur":2,"iIdProduit":92529},{"iIdBloc":14,"iIdValeur":2,"iIdProduit":93071},{"iIdBloc":14,"iIdValeur":2,"iIdProduit":102077},{"iIdBloc":14,"iIdValeur":3,"iIdProduit":15590},{"iIdBloc":14,"iIdValeur":3,"iIdProduit":17937},{"iIdBloc":14,"iIdValeur":3,"iIdProduit":33929},{"iIdBloc":14,"iIdValeur":3,"iIdProduit":33962},{"iIdBloc":14,"iIdValeur":3,"iIdProduit":33979},{"iIdBloc":14,"iIdValeur":3,"iIdProduit":64014},{"iIdBloc":14,"iIdValeur":3,"iIdProduit":66978},{"iIdBloc":14,"iIdValeur":3,"iIdProduit":73689},{"iIdBloc":14,"iIdValeur":3,"iIdProduit":88698},{"iIdBloc":14,"iIdValeur":3,"iIdProduit":90662},{"iIdBloc":14,"iIdValeur":3,"iIdProduit":93029},{"iIdBloc":14,"iIdValeur":3,"iIdProduit":98438},{"iIdBloc":14,"iIdValeur":3,"iIdProduit":166405},{"iIdBloc":14,"iIdValeur":3,"iIdProduit":187942},{"iIdBloc":14,"iIdValeur":4,"iIdProduit":9246},{"iIdBloc":14,"iIdValeur":4,"iIdProduit":46498},{"iIdBloc":14,"iIdValeur":4,"iIdProduit":60151},{"iIdBloc":14,"iIdValeur":4,"iIdProduit":74284},{"iIdBloc":14,"iIdValeur":4,"iIdProduit":75587},{"iIdBloc":14,"iIdValeur":4,"iIdProduit":91814},{"iIdBloc":14,"iIdValeur":4,"iIdProduit":92452},{"iIdBloc":14,"iIdValeur":4,"iIdProduit":93030},{"iIdBloc":14,"iIdValeur":4,"iIdProduit":95840},{"iIdBloc":14,"iIdValeur":4,"iIdProduit":98145},{"iIdBloc":14,"iIdValeur":4,"iIdProduit":100318},{"iIdBloc":14,"iIdValeur":4,"iIdProduit":101580},{"iIdBloc":14,"iIdValeur":4,"iIdProduit":177941},{"iIdBloc":14,"iIdValeur":5,"iIdProduit":27363},{"iIdBloc":14,"iIdValeur":5,"iIdProduit":33218},{"iIdBloc":14,"iIdValeur":5,"iIdProduit":67901},{"iIdBloc":14,"iIdValeur":5,"iIdProduit":75593},{"iIdBloc":14,"iIdValeur":5,"iIdProduit":92702},{"iIdBloc":14,"iIdValeur":5,"iIdProduit":93050},{"iIdBloc":14,"iIdValeur":5,"iIdProduit":100314},{"iIdBloc":14,"iIdValeur":5,"iIdProduit":100315}],"lstTrade":[{"objElement":{"sNoPointLivraison":"079111","sType":"Recette","sId":"11190","iIdSousFamille":284564,"sLibelleRecette":"Chia pudding Kiwi/banane","sUrlImageRecette":"https://fd7-photos.leclercdrive.fr/visueltrade.ashx?id=45118&mag=079111","sAltTexteImageRecette":"Chia pudding Kiwi/banane","sUrlFlashRecette":"","sUrlPageRecette":"https://fd7-courses.leclercdrive.fr/magasin-079111-Massy-Palaiseau/recette-11190.aspx","sIdUnique":"Recette11190"},"lstEnfants":[]},{"objElement":{"sNoPointLivraison":"079111","sType":"Recette","sId":"11251","iIdSousFamille":289968,"sLibelleRecette":"Sandwich de poulet marin&#233; en pain pita","sUrlImageRecette":"https://fd7-photos.leclercdrive.fr/visueltrade.ashx?id=45389&mag=079111","sAltTexteImageRecette":"Sandwich de poulet marin&#233; en pain pita","sUrlFlashRecette":"","sUrlPageRecette":"https://fd7-courses.leclercdrive.fr/magasin-079111-Massy-Palaiseau/recette-11251.aspx","sIdUnique":"Recette11251"},"lstEnfants":[]}],"sIdUnique":null,"objStickers":{"lstProduitsStickers":[{"sNoPointLivraison":"079111","iIdProduit":95840,"iIdSupport":4,"iIdFonctionnalite":10100,"iIdZone":10102,"iIdSticker":1,"sTypeSticker":"MARQUE"},{"sNoPointLivraison":"079111","iIdProduit":95840,"iIdSupport":4,"iIdFonctionnalite":10100,"iIdZone":10102,"iIdSticker":2,"sTypeSticker":"QUALITE"},{"sNoPointLivraison":"079111","iIdProduit":95840,"iIdSupport":4,"iIdFonctionnalite":10100,"iIdZone":10103,"iIdSticker":3,"sTypeSticker":"AVIS_CLIENT"},{"sNoPointLivraison":"079111","iIdProduit":95840,"iIdSupport":4,"iIdFonctionnalite":10100,"iIdZone":10106,"iIdSticker":4,"sTypeSticker":"ECHELLE"},{"sNoPointLivraison":"079111","iIdProduit":95840,"iIdSupport":4,"iIdFonctionnalite":10200,"iIdZone":10202,"iIdSticker":1,"sTypeSticker":"MARQUE"},{"sNoPointLivraison":"079111","iIdProduit":95840,"iIdSupport":4,"iIdFonctionnalite":10200,"iIdZone":10202,"iIdSticker":2,"sTypeSticker":"QUALITE"},{"sNoPointLivraison":"079111","iIdProduit":95840,"iIdSupport":4,"iIdFonctionnalite":10200,"iIdZone":10203,"iIdSticker":3,"sTypeSticker":"AVIS_CLIENT"},{"sNoPointLivraison":"079111","iIdProduit":95840,"iIdSupport":4,"iIdFonctionnalite":10200,"iIdZone":10206,"iIdSticker":4,"sTypeSticker":"ECHELLE"},{"sNoPointLivraison":"079111","iIdProduit":95840,"iIdSupport":4,"iIdFonctionnalite":10300,"iIdZone":10302,"iIdSticker":1,"sTypeSticker":"MARQUE"},{"sNoPointLivraison":"079111","iIdProduit":95840,"iIdSupport":4,"iIdFonctionnalite":10300,"iIdZone":10302,"iIdSticker":2,"sTypeSticker":"QUALITE"},{"sNoPointLivraison":"079111","iIdProduit":95840,"iIdSupport":4,"iIdFonctionnalite":10300,"iIdZone":10303,"iIdSticker":3,"sTypeSticker":"AVIS_CLIENT"},{"sNoPointLivraison":"079111","iIdProduit":95840,"iIdSupport":4,"iIdFonctionnalite":10300,"iIdZone":10306,"iIdSticker":4,"sTypeSticker":"ECHELLE"},{"sNoPointLivraison":"079111","iIdProduit":95840,"iIdSupport":4,"iIdFonctionnalite":10700,"iIdZone":10702,"iIdSticker":1,"sTypeSticker":"MARQUE"},{"sNoPointLivraison":"079111","iIdProduit":95840,"iIdSupport":4,"iIdFonctionnalite":10700,"iIdZone":10702,"iIdSticker":2,"sTypeSticker":"QUALITE"},{"sNoPointLivraison":"079111","iIdProduit":95840,"iIdSupport":4,"iIdFonctionnalite":10700,"iIdZone":10703,"iIdSticker":3,"sTypeSticker":"AVIS_CLIENT"},{"sNoPointLivraison":"079111","iIdProduit":95840,"iIdSupport":4,"iIdFonctionnalite":10700,"iIdZone":10706,"iIdSticker":4,"sTypeSticker":"ECHELLE"},{"sNoPointLivraison":"079111","iIdProduit":98145,"iIdSupport":4,"iIdFonctionnalite":10100,"iIdZone":10102,"iIdSticker":1,"sTypeSticker":"MARQUE"},{"sNoPointLivraison":"079111","iIdProduit":98145,"iIdSupport":4,"iIdFonctionnalite":10100,"iIdZone":10102,"iIdSticker":2,"sTypeSticker":"QUALITE"},{"sNoPointLivraison":"079111","iIdProduit":98145,"iIdSupport":4,"iIdFonctionnalite":10100,"iIdZone":10103,"iIdSticker":5,"sTypeSticker":"AVIS_CLIENT"},{"sNoPointLivraison":"079111","iIdProduit":98145,"iIdSupport":4,"iIdFonctionnalite":10100,"iIdZone":10106,"iIdSticker":6,"sTypeSticker":"ECHELLE"},{"sNoPointLivraison":"079111","iIdProduit":98145,"iIdSupport":4,"iIdFonctionnalite":10200,"iIdZone":10202,"iIdSticker":1,"sTypeSticker":"MARQUE"},{"sNoPointLivraison":"079111","iIdProduit":98145,"iIdSupport":4,"iIdFonctionnalite":10200,"iIdZone":10202,"iIdSticker":2,"sTypeSticker":"QUALITE"},{"sNoPointLivraison":"079111","iIdProduit":98145,"iIdSupport":4,"iIdFonctionnalite":10200,"iIdZone":10203,"iIdSticker":5,"sTypeSticker":"AVIS_CLIENT"},{"sNoPointLivraison":"079111","iIdProduit":98145,"iIdSupport":4,"iIdFonctionnalite":10200,"iIdZone":10206,"iIdSticker":6,"sTypeSticker":"ECHELLE"},{"sNoPointLivraison":"079111","iIdProduit":98145,"iIdSupport":4,"iIdFonctionnalite":10300,"iIdZone":10302,"iIdSticker":1,"sTypeSticker":"MARQUE"},{"sNoPointLivraison":"079111","iIdProduit":98145,"iIdSupport":4,"iIdFonctionnalite":10300,"iIdZone":10302,"iIdSticker":2,"sTypeSticker":"QUALITE"},{"sNoPointLivraison":"079111","iIdProduit":98145,"iIdSupport":4,"iIdFonctionnalite":10300,"iIdZone":10303,"iIdSticker":5,"sTypeSticker":"AVIS_CLIENT"},{"sNoPointLivraison":"079111","iIdProduit":98145,"iIdSupport":4,"iIdFonctionnalite":10300,"iIdZone":10306,"iIdSticker":6,"sTypeSticker":"ECHELLE"},{"sNoPointLivraison":"079111","iIdProduit":98145,"iIdSupport":4,"iIdFonctionnalite":10700,"iIdZone":10702,"iIdSticker":1,"sTypeSticker":"MARQUE"},{"sNoPointLivraison":"079111","iIdProduit":98145,"iIdSupport":4,"iIdFonctionnalite":10700,"iIdZone":10702,"iIdSticker":2,"sTypeSticker":"QUALITE"},{"sNoPointLivraison":"079111","iIdProduit":98145,"iIdSupport":4,"iIdFonctionnalite":10700,"iIdZone":10703,"iIdSticker":5,"sTypeSticker":"AVIS_CLIENT"},{"sNoPointLivraison":"079111","iIdProduit":98145,"iIdSupport":4,"iIdFonctionnalite":10700,"iIdZone":10706,"iIdSticker":6,"sTypeSticker":"ECHELLE"},{"sNoPointLivraison":"079111","iIdProduit":100318,"iIdSupport":4,"iIdFonctionnalite":10100,"iIdZone":10102,"iIdSticker":1,"sTypeSticker":"MARQUE"},{"sNoPointLivraison":"079111","iIdProduit":100318,"iIdSupport":4,"iIdFonctionnalite":10100,"iIdZone":10102,"iIdSticker":2,"sTypeSticker":"QUALITE"},{"sNoPointLivraison":"079111","iIdProduit":100318,"iIdSupport":4,"iIdFonctionnalite":10100,"iIdZone":10103,"iIdSticker":5,"sTypeSticker":"AVIS_CLIENT"},{"sNoPointLivraison":"079111","iIdProduit":100318,"iIdSupport":4,"iIdFonctionnalite":10100,"iIdZone":10106,"iIdSticker":7,"sTypeSticker":"ECHELLE"},{"sNoPointLivraison":"079111","iIdProduit":100318,"iIdSupport":4,"iIdFonctionnalite":10200,"iIdZone":10202,"iIdSticker":1,"sTypeSticker":"MARQUE"},{"sNoPointLivraison":"079111","iIdProduit":100318,"iIdSupport":4,"iIdFonctionnalite":10200,"iIdZone":10202,"iIdSticker":2,"sTypeSticker":"QUALITE"},{"sNoPointLivraison":"079111","iIdProduit":100318,"iIdSupport":4,"iIdFonctionnalite":10200,"iIdZone":10203,"iIdSticker":5,"sTypeSticker":"AVIS_CLIENT"},{"sNoPointLivraison":"079111","iIdProduit":100318,"iIdSupport":4,"iIdFonctionnalite":10200,"iIdZone":10206,"iIdSticker":7,"sTypeSticker":"ECHELLE"},{"sNoPointLivraison":"079111","iIdProduit":100318,"iIdSupport":4,"iIdFonctionnalite":10300,"iIdZone":10302,"iIdSticker":1,"sTypeSticker":"MARQUE"},{"sNoPointLivraison":"079111","iIdProduit":100318,"iIdSupport":4,"iIdFonctionnalite":10300,"iIdZone":10302,"iIdSticker":2,"sTypeSticker":"QUALITE"},{"sNoPointLivraison":"079111","iIdProduit":100318,"iIdSupport":4,"iIdFonctionnalite":10300,"iIdZone":10303,"iIdSticker":5,"sTypeSticker":"AVIS_CLIENT"},{"sNoPointLivraison":"079111","iIdProduit":100318,"iIdSupport":4,"iIdFonctionnalite":10300,"iIdZone":10306,"iIdSticker":7,"sTypeSticker":"ECHELLE"},{"sNoPointLivraison":"079111","iIdProduit":100318,"iIdSupport":4,"iIdFonctionnalite":10700,"iIdZone":10702,"iIdSticker":1,"sTypeSticker":"MARQUE"},{"sNoPointLivraison":"079111","iIdProduit":100318,"iIdSupport":4,"iIdFonctionnalite":10700,"iIdZone":10702,"iIdSticker":2,"sTypeSticker":"QUALITE"},{"sNoPointLivraison":"079111","iIdProduit":100318,"iIdSupport":4,"iIdFonctionnalite":10700,"iIdZone":10703,"iIdSticker":5,"sTypeSticker":"AVIS_CLIENT"},{"sNoPointLivraison":"079111","iIdProduit":100318,"iIdSupport":4,"iIdFonctionnalite":10700,"iIdZone":10706,"iIdSticker":7,"sTypeSticker":"ECHELLE"},{"sNoPointLivraison":"079111","iIdProduit":88698,"iIdSupport":4,"iIdFonctionnalite":10100,"iIdZone":10102,"iIdSticker":1,"sTypeSticker":"MARQUE"},{"sNoPointLivraison":"079111","iIdProduit":88698,"iIdSupport":4,"iIdFonctionnalite":10100,"iIdZone":10102,"iIdSticker":2,"sTypeSticker":"QUALITE"},{"sNoPointLivraison":"079111","iIdProduit":88698,"iIdSupport":4,"iIdFonctionnalite":10100,"iIdZone":10103,"iIdSticker":8,"sTypeSticker":"AVIS_CLIENT"},{"sNoPointLivraison":"079111","iIdProduit":88698,"iIdSupport":4,"iIdFonctionnalite":10100,"iIdZone":10106,"iIdSticker":9,"sTypeSticker":"ECHELLE"},{"sNoPointLivraison":"079111","iIdProduit":88698,"iIdSupport":4,"iIdFonctionnalite":10200,"iIdZone":10202,"iIdSticker":1,"sTypeSticker":"MARQUE"},{"sNoPointLivraison":"079111","iIdProduit":88698,"iIdSupport":4,"iIdFonctionnalite":10200,"iIdZone":10202,"iIdSticker":2,"sTypeSticker":"QUALITE"},{"sNoPointLivraison":"079111","iIdProduit":88698,"iIdSupport":4,"iIdFonctionnalite":10200,"iIdZone":10203,"iIdSticker":8,"sTypeSticker":"AVIS_CLIENT"},{"sNoPointLivraison":"079111","iIdProduit":88698,"iIdSupport":4,"iIdFonctionnalite":10200,"iIdZone":10206,"iIdSticker":9,"sTypeSticker":"ECHELLE"},{"sNoPointLivraison":"079111","iIdProduit":88698,"iIdSupport":4,"iIdFonctionnalite":10300,"iIdZone":10302,"iIdSticker":1,"sTypeSticker":"MARQUE"},{"sNoPointLivraison":"079111","iIdProduit":88698,"iIdSupport":4,"iIdFonctionnalite":10300,"iIdZone":10302,"iIdSticker":2,"sTypeSticker":"QUALITE"},{"sNoPointLivraison":"079111","iIdProduit":88698,"iIdSupport":4,"iIdFonctionnalite":10300,"iIdZone":10303,"iIdSticker":8,"sTypeSticker":"AVIS_CLIENT"},{"sNoPointLivraison":"079111","iIdProduit":88698,"iIdSupport":4,"iIdFonctionnalite":10300,"iIdZone":10306,"iIdSticker":9,"sTypeSticker":"ECHELLE"},{"sNoPointLivraison":"079111","iIdProduit":88698,"iIdSupport":4,"iIdFonctionnalite":10700,"iIdZone":10702,"iIdSticker":1,"sTypeSticker":"MARQUE"},{"sNoPointLivraison":"079111","iIdProduit":88698,"iIdSupport":4,"iIdFonctionnalite":10700,"iIdZone":10702,"iIdSticker":2,"sTypeSticker":"QUALITE"},{"sNoPointLivraison":"079111","iIdProduit":88698,"iIdSupport":4,"iIdFonctionnalite":10700,"iIdZone":10703,"iIdSticker":8,"sTypeSticker":"AVIS_CLIENT"},{"sNoPointLivraison":"079111","iIdProduit":88698,"iIdSupport":4,"iIdFonctionnalite":10700,"iIdZone":10706,"iIdSticker":9,"sTypeSticker":"ECHELLE"},{"sNoPointLivraison":"079111","iIdProduit":161043,"iIdSupport":4,"iIdFonctionnalite":10100,"iIdZone":10102,"iIdSticker":2,"sTypeSticker":"QUALITE"},{"sNoPointLivraison":"079111","iIdProduit":161043,"iIdSupport":4,"iIdFonctionnalite":10100,"iIdZone":10106,"iIdSticker":10,"sTypeSticker":"ECHELLE"},{"sNoPointLivraison":"079111","iIdProduit":161043,"iIdSupport":4,"iIdFonctionnalite":10200,"iIdZone":10202,"iIdSticker":2,"sTypeSticker":"QUALITE"},{"sNoPointLivraison":"079111","iIdProduit":161043,"iIdSupport":4,"iIdFonctionnalite":10200,"iIdZone":10206,"iIdSticker":10,"sTypeSticker":"ECHELLE"},{"sNoPointLivraison":"079111","iIdProduit":161043,"iIdSupport":4,"iIdFonctionnalite":10300,"iIdZone":10302,"iIdSticker":2,"sTypeSticker":"QUALITE"},{"sNoPointLivraison":"079111","iIdProduit":161043,"iIdSupport":4,"iIdFonctionnalite":10300,"iIdZone":10306,"iIdSticker":10,"sTypeSticker":"ECHELLE"},{"sNoPointLivraison":"079111","iIdProduit":161043,"iIdSupport":4,"iIdFonctionnalite":10700,"iIdZone":10702,"iIdSticker":2,"sTypeSticker":"QUALITE"},{"sNoPointLivraison":"079111","iIdProduit":161043,"iIdSupport":4,"iIdFonctionnalite":10700,"iIdZone":10706,"iIdSticker":10,"sTypeSticker":"ECHELLE"},{"sNoPointLivraison":"079111","iIdProduit":101580,"iIdSupport":4,"iIdFonctionnalite":10100,"iIdZone":10102,"iIdSticker":1,"sTypeSticker":"MARQUE"},{"sNoPointLivraison":"079111","iIdProduit":101580,"iIdSupport":4,"iIdFonctionnalite":10100,"iIdZone":10102,"iIdSticker":2,"sTypeSticker":"QUALITE"},{"sNoPointLivraison":"079111","iIdProduit":101580,"iIdSupport":4,"iIdFonctionnalite":10100,"iIdZone":10102,"iIdSticker":11,"sTypeSticker":"QUALITE"},{"sNoPointLivraison":"079111","iIdProduit":101580,"iIdSupport":4,"iIdFonctionnalite":10100,"iIdZone":10103,"iIdSticker":3,"sTypeSticker":"AVIS_CLIENT"},{"sNoPointLivraison":"079111","iIdProduit":101580,"iIdSupport":4,"iIdFonctionnalite":10100,"iIdZone":10106,"iIdSticker":12,"sTypeSticker":"ECHELLE"},{"sNoPointLivraison":"079111","iIdProduit":101580,"iIdSupport":4,"iIdFonctionnalite":10200,"iIdZone":10202,"iIdSticker":1,"sTypeSticker":"MARQUE"},{"sNoPointLivraison":"079111","iIdProduit":101580,"iIdSupport":4,"iIdFonctionnalite":10200,"iIdZone":10202,"iIdSticker":2,"sTypeSticker":"QUALITE"},{"sNoPointLivraison":"079111","iIdProduit":101580,"iIdSupport":4,"iIdFonctionnalite":10200,"iIdZone":10202,"iIdSticker":11,"sTypeSticker":"QUALITE"},{"sNoPointLivraison":"079111","iIdProduit":101580,"iIdSupport":4,"iIdFonctionnalite":10200,"iIdZone":10203,"iIdSticker":3,"sTypeSticker":"AVIS_CLIENT"},{"sNoPointLivraison":"079111","iIdProduit":101580,"iIdSupport":4,"iIdFonctionnalite":10200,"iIdZone":10206,"iIdSticker":12,"sTypeSticker":"ECHELLE"},{"sNoPointLivraison":"079111","iIdProduit":101580,"iIdSupport":4,"iIdFonctionnalite":10300,"iIdZone":10302,"iIdSticker":1,"sTypeSticker":"MARQUE"},{"sNoPointLivraison":"079111","iIdProduit":101580,"iIdSupport":4,"iIdFonctionnalite":10300,"iIdZone":10302,"iIdSticker":2,"sTypeSticker":"QUALITE"},{"sNoPointLivraison":"079111","iIdProduit":101580,"iIdSupport":4,"iIdFonctionnalite":10300,"iIdZone":10302,"iIdSticker":11,"sTypeSticker":"QUALITE"},{"sNoPointLivraison":"079111","iIdProduit":101580,"iIdSupport":4,"iIdFonctionnalite":10300,"iIdZone":10303,"iIdSticker":3,"sTypeSticker":"AVIS_CLIENT"},{"sNoPointLivraison":"079111","iIdProduit":101580,"iIdSupport":4,"iIdFonctionnalite":10300,"iIdZone":10306,"iIdSticker":12,"sTypeSticker":"ECHELLE"},{"sNoPointLivraison":"079111","iIdProduit":101580,"iIdSupport":4,"iIdFonctionnalite":10700,"iIdZone":10702,"iIdSticker":1,"sTypeSticker":"MARQUE"},{"sNoPointLivraison":"079111","iIdProduit":101580,"iIdSupport":4,"iIdFonctionnalite":10700,"iIdZone":10702,"iIdSticker":2,"sTypeSticker":"QUALITE"},{"sNoPointLivraison":"079111","iIdProduit":101580,"iIdSupport":4,"iIdFonctionnalite":10700,"iIdZone":10702,"iIdSticker":11,"sTypeSticker":"QUALITE"},{"sNoPointLivraison":"079111","iIdProduit":101580,"iIdSupport":4,"iIdFonctionnalite":10700,"iIdZone":10703,"iIdSticker":3,"sTypeSticker":"AVIS_CLIENT"},{"sNoPointLivraison":"079111","iIdProduit":101580,"iIdSupport":4,"iIdFonctionnalite":10700,"iIdZone":10706,"iIdSticker":12,"sTypeSticker":"ECHELLE"},{"sNoPointLivraison":"079111","iIdProduit":98438,"iIdSupport":4,"iIdFonctionnalite":10100,"iIdZone":10102,"iIdSticker":1,"sTypeSticker":"MARQUE"},{"sNoPointLivraison":"079111","iIdProduit":98438,"iIdSupport":4,"iIdFonctionnalite":10100,"iIdZone":10102,"iIdSticker":2,"sTypeSticker":"QUALITE"},{"sNoPointLivraison":"079111","iIdProduit":98438,"iIdSupport":4,"iIdFonctionnalite":10100,"iIdZone":10103,"iIdSticker":8,"sTypeSticker":"AVIS_CLIENT"},{"sNoPointLivraison":"079111","iIdProduit":98438,"iIdSupport":4,"iIdFonctionnalite":10100,"iIdZone":10106,"iIdSticker":13,"sTypeSticker":"ECHELLE"},{"sNoPointLivraison":"079111","iIdProduit":98438,"iIdSupport":4,"iIdFonctionnalite":10200,"iIdZone":10202,"iIdSticker":1,"sTypeSticker":"MARQUE"},{"sNoPointLivraison":"079111","iIdProduit":98438,"iIdSupport":4,"iIdFonctionnalite":10200,"iIdZone":10202,"iIdSticker":2,"sTypeSticker":"QUALITE"},{"sNoPointLivraison":"079111","iIdProduit":98438,"iIdSupport":4,"iIdFonctionnalite":10200,"iIdZone":10203,"iIdSticker":8,"sTypeSticker":"AVIS_CLIENT"},{"sNoPointLivraison":"079111","iIdProduit":98438,"iIdSupport":4,"iIdFonctionnalite":10200,"iIdZone":10206,"iIdSticker":13,"sTypeSticker":"ECHELLE"},{"sNoPointLivraison":"079111","iIdProduit":98438,"iIdSupport":4,"iIdFonctionnalite":10300,"iIdZone":10302,"iIdSticker":1,"sTypeSticker":"MARQUE"},{"sNoPointLivraison":"079111","iIdProduit":98438,"iIdSupport":4,"iIdFonctionnalite":10300,"iIdZone":10302,"iIdSticker":2,"sTypeSticker":"QUALITE"},{"sNoPointLivraison":"079111","iIdProduit":98438,"iIdSupport":4,"iIdFonctionnalite":10300,"iIdZone":10303,"iIdSticker":8,"sTypeSticker":"AVIS_CLIENT"},{"sNoPointLivraison":"079111","iIdProduit":98438,"iIdSupport":4,"iIdFonctionnalite":10300,"iIdZone":10306,"iIdSticker":13,"sTypeSticker":"ECHELLE"},{"sNoPointLivraison":"079111","iIdProduit":98438,"iIdSupport":4,"iIdFonctionnalite":10700,"iIdZone":10702,"iIdSticker":1,"sTypeSticker":"MARQUE"},{"sNoPointLivraison":"079111","iIdProduit":98438,"iIdSupport":4,"iIdFonctionnalite":10700,"iIdZone":10702,"iIdSticker":2,"sTypeSticker":"QUALITE"},{"sNoPointLivraison":"079111","iIdProduit":98438,"iIdSupport":4,"iIdFonctionnalite":10700,"iIdZone":10703,"iIdSticker":8,"sTypeSticker":"AVIS_CLIENT"},{"sNoPointLivraison":"079111","iIdProduit":98438,"iIdSupport":4,"iIdFonctionnalite":10700,"iIdZone":10706,"iIdSticker":13,"sTypeSticker":"ECHELLE"},{"sNoPointLivraison":"079111","iIdProduit":91814,"iIdSupport":4,"iIdFonctionnalite":10100,"iIdZone":10102,"iIdSticker":1,"sTypeSticker":"MARQUE"},{"sNoPointLivraison":"079111","iIdProduit":91814,"iIdSupport":4,"iIdFonctionnalite":10100,"iIdZone":10102,"iIdSticker":2,"sTypeSticker":"QUALITE"},{"sNoPointLivraison":"079111","iIdProduit":91814,"iIdSupport":4,"iIdFonctionnalite":10100,"iIdZone":10103,"iIdSticker":3,"sTypeSticker":"AVIS_CLIENT"},{"sNoPointLivraison":"079111","iIdProduit":91814,"iIdSupport":4,"iIdFonctionnalite":10100,"iIdZone":10106,"iIdSticker":14,"sTypeSticker":"FRAICHEUR"},{"sNoPointLivraison":"079111","iIdProduit":91814,"iIdSupport":4,"iIdFonctionnalite":10100,"iIdZone":10106,"iIdSticker":4,"sTypeSticker":"ECHELLE"},{"sNoPointLivraison":"079111","iIdProduit":91814,"iIdSupport":4,"iIdFonctionnalite":10200,"iIdZone":10202,"iIdSticker":1,"sTypeSticker":"MARQUE"},{"sNoPointLivraison":"079111","iIdProduit":91814,"iIdSupport":4,"iIdFonctionnalite":10200,"iIdZone":10202,"iIdSticker":2,"sTypeSticker":"QUALITE"},{"sNoPointLivraison":"079111","iIdProduit":91814,"iIdSupport":4,"iIdFonctionnalite":10200,"iIdZone":10203,"iIdSticker":3,"sTypeSticker":"AVIS_CLIENT"},{"sNoPointLivraison":"079111","iIdProduit":91814,"iIdSupport":4,"iIdFonctionnalite":10200,"iIdZone":10206,"iIdSticker":14,"sTypeSticker":"FRAICHEUR"},{"sNoPointLivraison":"079111","iIdProduit":91814,"iIdSupport":4,"iIdFonctionnalite":10200,"iIdZone":10206,"iIdSticker":4,"sTypeSticker":"ECHELLE"},{"sNoPointLivraison":"079111","iIdProduit":91814,"iIdSupport":4,"iIdFonctionnalite":10300,"iIdZone":10302,"iIdSticker":1,"sTypeSticker":"MARQUE"},{"sNoPointLivraison":"079111","iIdProduit":91814,"iIdSupport":4,"iIdFonctionnalite":10300,"iIdZone":10302,"iIdSticker":2,"sTypeSticker":"QUALITE"},{"sNoPointLivraison":"079111","iIdProduit":91814,"iIdSupport":4,"iIdFonctionnalite":10300,"iIdZone":10303,"iIdSticker":3,"sTypeSticker":"AVIS_CLIENT"},{"sNoPointLivraison":"079111","iIdProduit":91814,"iIdSupport":4,"iIdFonctionnalite":10300,"iIdZone":10306,"iIdSticker":14,"sTypeSticker":"FRAICHEUR"},{"sNoPointLivraison":"079111","iIdProduit":91814,"iIdSupport":4,"iIdFonctionnalite":10300,"iIdZone":10306,"iIdSticker":4,"sTypeSticker":"ECHELLE"},{"sNoPointLivraison":"079111","iIdProduit":91814,"iIdSupport":4,"iIdFonctionnalite":10700,"iIdZone":10702,"iIdSticker":1,"sTypeSticker":"MARQUE"},{"sNoPointLivraison":"079111","iIdProduit":91814,"iIdSupport":4,"iIdFonctionnalite":10700,"iIdZone":10702,"iIdSticker":2,"sTypeSticker":"QUALITE"},{"sNoPointLivraison":"079111","iIdProduit":91814,"iIdSupport":4,"iIdFonctionnalite":10700,"iIdZone":10703,"iIdSticker":3,"sTypeSticker":"AVIS_CLIENT"},{"sNoPointLivraison":"079111","iIdProduit":91814,"iIdSupport":4,"iIdFonctionnalite":10700,"iIdZone":10706,"iIdSticker":14,"sTypeSticker":"FRAICHEUR"},{"sNoPointLivraison":"079111","iIdProduit":91814,"iIdSupport":4,"iIdFonctionnalite":10700,"iIdZone":10706,"iIdSticker":4,"sTypeSticker":"ECHELLE"},{"sNoPointLivraison":"079111","iIdProduit":73689,"iIdSupport":4,"iIdFonctionnalite":10100,"iIdZone":10102,"iIdSticker":1,"sTypeSticker":"MARQUE"},{"sNoPointLivraison":"079111","iIdProduit":73689,"iIdSupport":4,"iIdFonctionnalite":10100,"iIdZone":10102,"iIdSticker":2,"sTypeSticker":"QUALITE"},{"sNoPointLivraison":"079111","iIdProduit":73689,"iIdSupport":4,"iIdFonctionnalite":10100,"iIdZone":10103,"iIdSticker":8,"sTypeSticker":"AVIS_CLIENT"},{"sNoPointLivraison":"079111","iIdProduit":73689,"iIdSupport":4,"iIdFonctionnalite":10100,"iIdZone":10106,"iIdSticker":14,"sTypeSticker":"FRAICHEUR"},{"sNoPointLivraison":"079111","iIdProduit":73689,"iIdSupport":4,"iIdFonctionnalite":10100,"iIdZone":10106,"iIdSticker":15,"sTypeSticker":"ECHELLE"},{"sNoPointLivraison":"079111","iIdProduit":73689,"iIdSupport":4,"iIdFonctionnalite":10200,"iIdZone":10202,"iIdSticker":1,"sTypeSticker":"MARQUE"},{"sNoPointLivraison":"079111","iIdProduit":73689,"iIdSupport":4,"iIdFonctionnalite":10200,"iIdZone":10202,"iIdSticker":2,"sTypeSticker":"QUALITE"},{"sNoPointLivraison":"079111","iIdProduit":73689,"iIdSupport":4,"iIdFonctionnalite":10200,"iIdZone":10203,"iIdSticker":8,"sTypeSticker":"AVIS_CLIENT"},{"sNoPointLivraison":"079111","iIdProduit":73689,"iIdSupport":4,"iIdFonctionnalite":10200,"iIdZone":10206,"iIdSticker":14,"sTypeSticker":"FRAICHEUR"},{"sNoPointLivraison":"079111","iIdProduit":73689,"iIdSupport":4,"iIdFonctionnalite":10200,"iIdZone":10206,"iIdSticker":15,"sTypeSticker":"ECHELLE"},{"sNoPointLivraison":"079111","iIdProduit":73689,"iIdSupport":4,"iIdFonctionnalite":10300,"iIdZone":10302,"iIdSticker":1,"sTypeSticker":"MARQUE"},{"sNoPointLivraison":"079111","iIdProduit":73689,"iIdSupport":4,"iIdFonctionnalite":10300,"iIdZone":10302,"iIdSticker":2,"sTypeSticker":"QUALITE"},{"sNoPointLivraison":"079111","iIdProduit":73689,"iIdSupport":4,"iIdFonctionnalite":10300,"iIdZone":10303,"iIdSticker":8,"sTypeSticker":"AVIS_CLIENT"},{"sNoPointLivraison":"079111","iIdProduit":73689,"iIdSupport":4,"iIdFonctionnalite":10300,"iIdZone":10306,"iIdSticker":14,"sTypeSticker":"FRAICHEUR"},{"sNoPointLivraison":"079111","iIdProduit":73689,"iIdSupport":4,"iIdFonctionnalite":10300,"iIdZone":10306,"iIdSticker":15,"sTypeSticker":"ECHELLE"},{"sNoPointLivraison":"079111","iIdProduit":73689,"iIdSupport":4,"iIdFonctionnalite":10700,"iIdZone":10702,"iIdSticker":1,"sTypeSticker":"MARQUE"},{"sNoPointLivraison":"079111","iIdProduit":73689,"iIdSupport":4,"iIdFonctionnalite":10700,"iIdZone":10702,"iIdSticker":2,"sTypeSticker":"QUALITE"},{"sNoPointLivraison":"079111","iIdProduit":73689,"iIdSupport":4,"iIdFonctionnalite":10700,"iIdZone":10703,"iIdSticker":8,"sTypeSticker":"AVIS_CLIENT"},{"sNoPointLivraison":"079111","iIdProduit":73689,"iIdSupport":4,"iIdFonctionnalite":10700,"iIdZone":10706,"iIdSticker":14,"sTypeSticker":"FRAICHEUR"},{"sNoPointLivraison":"079111","iIdProduit":73689,"iIdSupport":4,"iIdFonctionnalite":10700,"iIdZone":10706,"iIdSticker":15,"sTypeSticker":"ECHELLE"},{"sNoPointLivraison":"079111","iIdProduit":132928,"iIdSupport":4,"iIdFonctionnalite":10100,"iIdZone":10102,"iIdSticker":1,"sTypeSticker":"MARQUE"},{"sNoPointLivraison":"079111","iIdProduit":132928,"iIdSupport":4,"iIdFonctionnalite":10100,"iIdZone":10102,"iIdSticker":2,"sTypeSticker":"QUALITE"},{"sNoPointLivraison":"079111","iIdProduit":132928,"iIdSupport":4,"iIdFonctionnalite":10100,"iIdZone":10106,"iIdSticker":16,"sTypeSticker":"ECHELLE"},{"sNoPointLivraison":"079111","iIdProduit":132928,"iIdSupport":4,"iIdFonctionnalite":10200,"iIdZone":10202,"iIdSticker":1,"sTypeSticker":"MARQUE"},{"sNoPointLivraison":"079111","iIdProduit":132928,"iIdSupport":4,"iIdFonctionnalite":10200,"iIdZone":10202,"iIdSticker":2,"sTypeSticker":"QUALITE"},{"sNoPointLivraison":"079111","iIdProduit":132928,"iIdSupport":4,"iIdFonctionnalite":10200,"iIdZone":10203,"iIdSticker":17,"sTypeSticker":"AVIS_CLIENT"},{"sNoPointLivraison":"079111","iIdProduit":132928,"iIdSupport":4,"iIdFonctionnalite":10200,"iIdZone":10206,"iIdSticker":16,"sTypeSticker":"ECHELLE"},{"sNoPointLivraison":"079111","iIdProduit":132928,"iIdSupport":4,"iIdFonctionnalite":10300,"iIdZone":10302,"iIdSticker":1,"sTypeSticker":"MARQUE"},{"sNoPointLivraison":"079111","iIdProduit":132928,"iIdSupport":4,"iIdFonctionnalite":10300,"iIdZone":10302,"iIdSticker":2,"sTypeSticker":"QUALITE"},{"sNoPointLivraison":"079111","iIdProduit":132928,"iIdSupport":4,"iIdFonctionnalite":10300,"iIdZone":10303,"iIdSticker":17,"sTypeSticker":"AVIS_CLIENT"},{"sNoPointLivraison":"079111","iIdProduit":132928,"iIdSupport":4,"iIdFonctionnalite":10300,"iIdZone":10306,"iIdSticker":16,"sTypeSticker":"ECHELLE"},{"sNoPointLivraison":"079111","iIdProduit":132928,"iIdSupport":4,"iIdFonctionnalite":10700,"iIdZone":10702,"iIdSticker":1,"sTypeSticker":"MARQUE"},{"sNoPointLivraison":"079111","iIdProduit":132928,"iIdSupport":4,"iIdFonctionnalite":10700,"iIdZone":10702,"iIdSticker":2,"sTypeSticker":"QUALITE"},{"sNoPointLivraison":"079111","iIdProduit":132928,"iIdSupport":4,"iIdFonctionnalite":10700,"iIdZone":10706,"iIdSticker":16,"sTypeSticker":"ECHELLE"},{"sNoPointLivraison":"079111","iIdProduit":66978,"iIdSupport":4,"iIdFonctionnalite":10100,"iIdZone":10102,"iIdSticker":1,"sTypeSticker":"MARQUE"},{"sNoPointLivraison":"079111","iIdProduit":66978,"iIdSupport":4,"iIdFonctionnalite":10100,"iIdZone":10102,"iIdSticker":2,"sTypeSticker":"QUALITE"},{"sNoPointLivraison":"079111","iIdProduit":66978,"iIdSupport":4,"iIdFonctionnalite":10100,"iIdZone":10103,"iIdSticker":8,"sTypeSticker":"AVIS_CLIENT"},{"sNoPointLivraison":"079111","iIdProduit":66978,"iIdSupport":4,"iIdFonctionnalite":10100,"iIdZone":10106,"iIdSticker":14,"sTypeSticker":"FRAICHEUR"},{"sNoPointLivraison":"079111","iIdProduit":66978,"iIdSupport":4,"iIdFonctionnalite":10200,"iIdZone":10202,"iIdSticker":1,"sTypeSticker":"MARQUE"},{"sNoPointLivraison":"079111","iIdProduit":66978,"iIdSupport":4,"iIdFonctionnalite":10200,"iIdZone":10202,"iIdSticker":2,"sTypeSticker":"QUALITE"},{"sNoPointLivraison":"079111","iIdProduit":66978,"iIdSupport":4,"iIdFonctionnalite":10200,"iIdZone":10203,"iIdSticker":8,"sTypeSticker":"AVIS_CLIENT"},{"sNoPointLivraison":"079111","iIdProduit":66978,"iIdSupport":4,"iIdFonctionnalite":10200,"iIdZone":10206,"iIdSticker":14,"sTypeSticker":"FRAICHEUR"},{"sNoPointLivraison":"079111","iIdProduit":66978,"iIdSupport":4,"iIdFonctionnalite":10300,"iIdZone":10302,"iIdSticker":1,"sTypeSticker":"MARQUE"},{"sNoPointLivraison":"079111","iIdProduit":66978,"iIdSupport":4,"iIdFonctionnalite":10300,"iIdZone":10302,"iIdSticker":2,"sTypeSticker":"QUALITE"},{"sNoPointLivraison":"079111","iIdProduit":66978,"iIdSupport":4,"iIdFonctionnalite":10300,"iIdZone":10303,"iIdSticker":8,"sTypeSticker":"AVIS_CLIENT"},{"sNoPointLivraison":"079111","iIdProduit":66978,"iIdSupport":4,"iIdFonctionnalite":10300,"iIdZone":10306,"iIdSticker":14,"sTypeSticker":"FRAICHEUR"},{"sNoPointLivraison":"079111","iIdProduit":66978,"iIdSupport":4,"iIdFonctionnalite":10700,"iIdZone":10702,"iIdSticker":1,"sTypeSticker":"MARQUE"},{"sNoPointLivraison":"079111","iIdProduit":66978,"iIdSupport":4,"iIdFonctionnalite":10700,"iIdZone":10702,"iIdSticker":2,"sTypeSticker":"QUALITE"},{"sNoPointLivraison":"079111","iIdProduit":66978,"iIdSupport":4,"iIdFonctionnalite":10700,"iIdZone":10703,"iIdSticker":8,"sTypeSticker":"AVIS_CLIENT"},{"sNoPointLivraison":"079111","iIdProduit":66978,"iIdSupport":4,"iIdFonctionnalite":10700,"iIdZone":10706,"iIdSticker":14,"sTypeSticker":"FRAICHEUR"},{"sNoPointLivraison":"079111","iIdProduit":187942,"iIdSupport":4,"iIdFonctionnalite":10100,"iIdZone":10102,"iIdSticker":1,"sTypeSticker":"MARQUE"},{"sNoPointLivraison":"079111","iIdProduit":187942,"iIdSupport":4,"iIdFonctionnalite":10100,"iIdZone":10102,"iIdSticker":2,"sTypeSticker":"QUALITE"},{"sNoPointLivraison":"079111","iIdProduit":187942,"iIdSupport":4,"iIdFonctionnalite":10100,"iIdZone":10106,"iIdSticker":18,"sTypeSticker":"ECHELLE"},{"sNoPointLivraison":"079111","iIdProduit":187942,"iIdSupport":4,"iIdFonctionnalite":10200,"iIdZone":10202,"iIdSticker":1,"sTypeSticker":"MARQUE"},{"sNoPointLivraison":"079111","iIdProduit":187942,"iIdSupport":4,"iIdFonctionnalite":10200,"iIdZone":10202,"iIdSticker":2,"sTypeSticker":"QUALITE"},{"sNoPointLivraison":"079111","iIdProduit":187942,"iIdSupport":4,"iIdFonctionnalite":10200,"iIdZone":10203,"iIdSticker":19,"sTypeSticker":"AVIS_CLIENT"},{"sNoPointLivraison":"079111","iIdProduit":187942,"iIdSupport":4,"iIdFonctionnalite":10200,"iIdZone":10206,"iIdSticker":18,"sTypeSticker":"ECHELLE"},{"sNoPointLivraison":"079111","iIdProduit":187942,"iIdSupport":4,"iIdFonctionnalite":10300,"iIdZone":10302,"iIdSticker":1,"sTypeSticker":"MARQUE"},{"sNoPointLivraison":"079111","iIdProduit":187942,"iIdSupport":4,"iIdFonctionnalite":10300,"iIdZone":10302,"iIdSticker":2,"sTypeSticker":"QUALITE"},{"sNoPointLivraison":"079111","iIdProduit":187942,"iIdSupport":4,"iIdFonctionnalite":10300,"iIdZone":10303,"iIdSticker":19,"sTypeSticker":"AVIS_CLIENT"},{"sNoPointLivraison":"079111","iIdProduit":187942,"iIdSupport":4,"iIdFonctionnalite":10300,"iIdZone":10306,"iIdSticker":18,"sTypeSticker":"ECHELLE"},{"sNoPointLivraison":"079111","iIdProduit":187942,"iIdSupport":4,"iIdFonctionnalite":10700,"iIdZone":10702,"iIdSticker":1,"sTypeSticker":"MARQUE"},{"sNoPointLivraison":"079111","iIdProduit":187942,"iIdSupport":4,"iIdFonctionnalite":10700,"iIdZone":10702,"iIdSticker":2,"sTypeSticker":"QUALITE"},{"sNoPointLivraison":"079111","iIdProduit":187942,"iIdSupport":4,"iIdFonctionnalite":10700,"iIdZone":10706,"iIdSticker":18,"sTypeSticker":"ECHELLE"},{"sNoPointLivraison":"079111","iIdProduit":10324,"iIdSupport":4,"iIdFonctionnalite":10100,"iIdZone":10102,"iIdSticker":1,"sTypeSticker":"MARQUE"},{"sNoPointLivraison":"079111","iIdProduit":10324,"iIdSupport":4,"iIdFonctionnalite":10100,"iIdZone":10102,"iIdSticker":2,"sTypeSticker":"QUALITE"},{"sNoPointLivraison":"079111","iIdProduit":10324,"iIdSupport":4,"iIdFonctionnalite":10100,"iIdZone":10106,"iIdSticker":14,"sTypeSticker":"FRAICHEUR"},{"sNoPointLivraison":"079111","iIdProduit":10324,"iIdSupport":4,"iIdFonctionnalite":10100,"iIdZone":10106,"iIdSticker":18,"sTypeSticker":"ECHELLE"},{"sNoPointLivraison":"079111","iIdProduit":10324,"iIdSupport":4,"iIdFonctionnalite":10200,"iIdZone":10202,"iIdSticker":1,"sTypeSticker":"MARQUE"},{"sNoPointLivraison":"079111","iIdProduit":10324,"iIdSupport":4,"iIdFonctionnalite":10200,"iIdZone":10202,"iIdSticker":2,"sTypeSticker":"QUALITE"},{"sNoPointLivraison":"079111","iIdProduit":10324,"iIdSupport":4,"iIdFonctionnalite":10200,"iIdZone":10203,"iIdSticker":20,"sTypeSticker":"AVIS_CLIENT"},{"sNoPointLivraison":"079111","iIdProduit":10324,"iIdSupport":4,"iIdFonctionnalite":10200,"iIdZone":10206,"iIdSticker":14,"sTypeSticker":"FRAICHEUR"},{"sNoPointLivraison":"079111","iIdProduit":10324,"iIdSupport":4,"iIdFonctionnalite":10200,"iIdZone":10206,"iIdSticker":18,"sTypeSticker":"ECHELLE"},{"sNoPointLivraison":"079111","iIdProduit":10324,"iIdSupport":4,"iIdFonctionnalite":10300,"iIdZone":10302,"iIdSticker":1,"sTypeSticker":"MARQUE"},{"sNoPointLivraison":"079111","iIdProduit":10324,"iIdSupport":4,"iIdFonctionnalite":10300,"iIdZone":10302,"iIdSticker":2,"sTypeSticker":"QUALITE"},{"sNoPointLivraison":"079111","iIdProduit":10324,"iIdSupport":4,"iIdFonctionnalite":10300,"iIdZone":10303,"iIdSticker":20,"sTypeSticker":"AVIS_CLIENT"},{"sNoPointLivraison":"079111","iIdProduit":10324,"iIdSupport":4,"iIdFonctionnalite":10300,"iIdZone":10306,"iIdSticker":14,"sTypeSticker":"FRAICHEUR"},{"sNoPointLivraison":"079111","iIdProduit":10324,"iIdSupport":4,"iIdFonctionnalite":10300,"iIdZone":10306,"iIdSticker":18,"sTypeSticker":"ECHELLE"},{"sNoPointLivraison":"079111","iIdProduit":10324,"iIdSupport":4,"iIdFonctionnalite":10700,"iIdZone":10702,"iIdSticker":1,"sTypeSticker":"MARQUE"},{"sNoPointLivraison":"079111","iIdProduit":10324,"iIdSupport":4,"iIdFonctionnalite":10700,"iIdZone":10702,"iIdSticker":2,"sTypeSticker":"QUALITE"},{"sNoPointLivraison":"079111","iIdProduit":10324,"iIdSupport":4,"iIdFonctionnalite":10700,"iIdZone":10706,"iIdSticker":14,"sTypeSticker":"FRAICHEUR"},{"sNoPointLivraison":"079111","iIdProduit":10324,"iIdSupport":4,"iIdFonctionnalite":10700,"iIdZone":10706,"iIdSticker":18,"sTypeSticker":"ECHELLE"},{"sNoPointLivraison":"079111","iIdProduit":46498,"iIdSupport":4,"iIdFonctionnalite":10100,"iIdZone":10102,"iIdSticker":1,"sTypeSticker":"MARQUE"},{"sNoPointLivraison":"079111","iIdProduit":46498,"iIdSupport":4,"iIdFonctionnalite":10100,"iIdZone":10102,"iIdSticker":2,"sTypeSticker":"QUALITE"},{"sNoPointLivraison":"079111","iIdProduit":46498,"iIdSupport":4,"iIdFonctionnalite":10100,"iIdZone":10103,"iIdSticker":3,"sTypeSticker":"AVIS_CLIENT"},{"sNoPointLivraison":"079111","iIdProduit":46498,"iIdSupport":4,"iIdFonctionnalite":10100,"iIdZone":10106,"iIdSticker":14,"sTypeSticker":"FRAICHEUR"},{"sNoPointLivraison":"079111","iIdProduit":46498,"iIdSupport":4,"iIdFonctionnalite":10100,"iIdZone":10106,"iIdSticker":18,"sTypeSticker":"ECHELLE"},{"sNoPointLivraison":"079111","iIdProduit":46498,"iIdSupport":4,"iIdFonctionnalite":10200,"iIdZone":10202,"iIdSticker":1,"sTypeSticker":"MARQUE"},{"sNoPointLivraison":"079111","iIdProduit":46498,"iIdSupport":4,"iIdFonctionnalite":10200,"iIdZone":10202,"iIdSticker":2,"sTypeSticker":"QUALITE"},{"sNoPointLivraison":"079111","iIdProduit":46498,"iIdSupport":4,"iIdFonctionnalite":10200,"iIdZone":10203,"iIdSticker":3,"sTypeSticker":"AVIS_CLIENT"},{"sNoPointLivraison":"079111","iIdProduit":46498,"iIdSupport":4,"iIdFonctionnalite":10200,"iIdZone":10206,"iIdSticker":14,"sTypeSticker":"FRAICHEUR"},{"sNoPointLivraison":"079111","iIdProduit":46498,"iIdSupport":4,"iIdFonctionnalite":10200,"iIdZone":10206,"iIdSticker":18,"sTypeSticker":"ECHELLE"},{"sNoPointLivraison":"079111","iIdProduit":46498,"iIdSupport":4,"iIdFonctionnalite":10300,"iIdZone":10302,"iIdSticker":1,"sTypeSticker":"MARQUE"},{"sNoPointLivraison":"079111","iIdProduit":46498,"iIdSupport":4,"iIdFonctionnalite":10300,"iIdZone":10302,"iIdSticker":2,"sTypeSticker":"QUALITE"},{"sNoPointLivraison":"079111","iIdProduit":46498,"iIdSupport":4,"iIdFonctionnalite":10300,"iIdZone":10303,"iIdSticker":3,"sTypeSticker":"AVIS_CLIENT"},{"sNoPointLivraison":"079111","iIdProduit":46498,"iIdSupport":4,"iIdFonctionnalite":10300,"iIdZone":10306,"iIdSticker":14,"sTypeSticker":"FRAICHEUR"},{"sNoPointLivraison":"079111","iIdProduit":46498,"iIdSupport":4,"iIdFonctionnalite":10300,"iIdZone":10306,"iIdSticker":18,"sTypeSticker":"ECHELLE"},{"sNoPointLivraison":"079111","iIdProduit":46498,"iIdSupport":4,"iIdFonctionnalite":10700,"iIdZone":10702,"iIdSticker":1,"sTypeSticker":"MARQUE"},{"sNoPointLivraison":"079111","iIdProduit":46498,"iIdSupport":4,"iIdFonctionnalite":10700,"iIdZone":10702,"iIdSticker":2,"sTypeSticker":"QUALITE"},{"sNoPointLivraison":"079111","iIdProduit":46498,"iIdSupport":4,"iIdFonctionnalite":10700,"iIdZone":10703,"iIdSticker":3,"sTypeSticker":"AVIS_CLIENT"},{"sNoPointLivraison":"079111","iIdProduit":46498,"iIdSupport":4,"iIdFonctionnalite":10700,"iIdZone":10706,"iIdSticker":14,"sTypeSticker":"FRAICHEUR"},{"sNoPointLivraison":"079111","iIdProduit":46498,"iIdSupport":4,"iIdFonctionnalite":10700,"iIdZone":10706,"iIdSticker":18,"sTypeSticker":"ECHELLE"},{"sNoPointLivraison":"079111","iIdProduit":75587,"iIdSupport":4,"iIdFonctionnalite":10100,"iIdZone":10102,"iIdSticker":1,"sTypeSticker":"MARQUE"},{"sNoPointLivraison":"079111","iIdProduit":75587,"iIdSupport":4,"iIdFonctionnalite":10100,"iIdZone":10102,"iIdSticker":2,"sTypeSticker":"QUALITE"},{"sNoPointLivraison":"079111","iIdProduit":75587,"iIdSupport":4,"iIdFonctionnalite":10100,"iIdZone":10106,"iIdSticker":6,"sTypeSticker":"ECHELLE"},{"sNoPointLivraison":"079111","iIdProduit":75587,"iIdSupport":4,"iIdFonctionnalite":10200,"iIdZone":10202,"iIdSticker":1,"sTypeSticker":"MARQUE"},{"sNoPointLivraison":"079111","iIdProduit":75587,"iIdSupport":4,"iIdFonctionnalite":10200,"iIdZone":10202,"iIdSticker":2,"sTypeSticker":"QUALITE"},{"sNoPointLivraison":"079111","iIdProduit":75587,"iIdSupport":4,"iIdFonctionnalite":10200,"iIdZone":10203,"iIdSticker":5,"sTypeSticker":"AVIS_CLIENT"},{"sNoPointLivraison":"079111","iIdProduit":75587,"iIdSupport":4,"iIdFonctionnalite":10200,"iIdZone":10206,"iIdSticker":6,"sTypeSticker":"ECHELLE"},{"sNoPointLivraison":"079111","iIdProduit":75587,"iIdSupport":4,"iIdFonctionnalite":10300,"iIdZone":10302,"iIdSticker":1,"sTypeSticker":"MARQUE"},{"sNoPointLivraison":"079111","iIdProduit":75587,"iIdSupport":4,"iIdFonctionnalite":10300,"iIdZone":10302,"iIdSticker":2,"sTypeSticker":"QUALITE"},{"sNoPointLivraison":"079111","iIdProduit":75587,"iIdSupport":4,"iIdFonctionnalite":10300,"iIdZone":10303,"iIdSticker":5,"sTypeSticker":"AVIS_CLIENT"},{"sNoPointLivraison":"079111","iIdProduit":75587,"iIdSupport":4,"iIdFonctionnalite":10300,"iIdZone":10306,"iIdSticker":6,"sTypeSticker":"ECHELLE"},{"sNoPointLivraison":"079111","iIdProduit":75587,"iIdSupport":4,"iIdFonctionnalite":10700,"iIdZone":10702,"iIdSticker":1,"sTypeSticker":"MARQUE"},{"sNoPointLivraison":"079111","iIdProduit":75587,"iIdSupport":4,"iIdFonctionnalite":10700,"iIdZone":10702,"iIdSticker":2,"sTypeSticker":"QUALITE"},{"sNoPointLivraison":"079111","iIdProduit":75587,"iIdSupport":4,"iIdFonctionnalite":10700,"iIdZone":10706,"iIdSticker":6,"sTypeSticker":"ECHELLE"},{"sNoPointLivraison":"079111","iIdProduit":75593,"iIdSupport":4,"iIdFonctionnalite":10100,"iIdZone":10102,"iIdSticker":1,"sTypeSticker":"MARQUE"},{"sNoPointLivraison":"079111","iIdProduit":75593,"iIdSupport":4,"iIdFonctionnalite":10100,"iIdZone":10102,"iIdSticker":2,"sTypeSticker":"QUALITE"},{"sNoPointLivraison":"079111","iIdProduit":75593,"iIdSupport":4,"iIdFonctionnalite":10100,"iIdZone":10103,"iIdSticker":21,"sTypeSticker":"AVIS_CLIENT"},{"sNoPointLivraison":"079111","iIdProduit":75593,"iIdSupport":4,"iIdFonctionnalite":10100,"iIdZone":10106,"iIdSticker":22,"sTypeSticker":"ECHELLE"},{"sNoPointLivraison":"079111","iIdProduit":75593,"iIdSupport":4,"iIdFonctionnalite":10200,"iIdZone":10202,"iIdSticker":1,"sTypeSticker":"MARQUE"},{"sNoPointLivraison":"079111","iIdProduit":75593,"iIdSupport":4,"iIdFonctionnalite":10200,"iIdZone":10202,"iIdSticker":2,"sTypeSticker":"QUALITE"},{"sNoPointLivraison":"079111","iIdProduit":75593,"iIdSupport":4,"iIdFonctionnalite":10200,"iIdZone":10203,"iIdSticker":21,"sTypeSticker":"AVIS_CLIENT"},{"sNoPointLivraison":"079111","iIdProduit":75593,"iIdSupport":4,"iIdFonctionnalite":10200,"iIdZone":10206,"iIdSticker":22,"sTypeSticker":"ECHELLE"},{"sNoPointLivraison":"079111","iIdProduit":75593,"iIdSupport":4,"iIdFonctionnalite":10300,"iIdZone":10302,"iIdSticker":1,"sTypeSticker":"MARQUE"},{"sNoPointLivraison":"079111","iIdProduit":75593,"iIdSupport":4,"iIdFonctionnalite":10300,"iIdZone":10302,"iIdSticker":2,"sTypeSticker":"QUALITE"},{"sNoPointLivraison":"079111","iIdProduit":75593,"iIdSupport":4,"iIdFonctionnalite":10300,"iIdZone":10303,"iIdSticker":21,"sTypeSticker":"AVIS_CLIENT"},{"sNoPointLivraison":"079111","iIdProduit":75593,"iIdSupport":4,"iIdFonctionnalite":10300,"iIdZone":10306,"iIdSticker":22,"sTypeSticker":"ECHELLE"},{"sNoPointLivraison":"079111","iIdProduit":75593,"iIdSupport":4,"iIdFonctionnalite":10700,"iIdZone":10702,"iIdSticker":1,"sTypeSticker":"MARQUE"},{"sNoPointLivraison":"079111","iIdProduit":75593,"iIdSupport":4,"iIdFonctionnalite":10700,"iIdZone":10702,"iIdSticker":2,"sTypeSticker":"QUALITE"},{"sNoPointLivraison":"079111","iIdProduit":75593,"iIdSupport":4,"iIdFonctionnalite":10700,"iIdZone":10703,"iIdSticker":21,"sTypeSticker":"AVIS_CLIENT"},{"sNoPointLivraison":"079111","iIdProduit":75593,"iIdSupport":4,"iIdFonctionnalite":10700,"iIdZone":10706,"iIdSticker":22,"sTypeSticker":"ECHELLE"},{"sNoPointLivraison":"079111","iIdProduit":20715,"iIdSupport":4,"iIdFonctionnalite":10100,"iIdZone":10102,"iIdSticker":1,"sTypeSticker":"MARQUE"},{"sNoPointLivraison":"079111","iIdProduit":20715,"iIdSupport":4,"iIdFonctionnalite":10100,"iIdZone":10102,"iIdSticker":2,"sTypeSticker":"QUALITE"},{"sNoPointLivraison":"079111","iIdProduit":20715,"iIdSupport":4,"iIdFonctionnalite":10100,"iIdZone":10103,"iIdSticker":20,"sTypeSticker":"AVIS_CLIENT"},{"sNoPointLivraison":"079111","iIdProduit":20715,"iIdSupport":4,"iIdFonctionnalite":10100,"iIdZone":10106,"iIdSticker":9,"sTypeSticker":"ECHELLE"},{"sNoPointLivraison":"079111","iIdProduit":20715,"iIdSupport":4,"iIdFonctionnalite":10100,"iIdZone":10107,"iIdSticker":23,"sTypeSticker":"NUTRISCORE"},{"sNoPointLivraison":"079111","iIdProduit":20715,"iIdSupport":4,"iIdFonctionnalite":10200,"iIdZone":10202,"iIdSticker":1,"sTypeSticker":"MARQUE"},{"sNoPointLivraison":"079111","iIdProduit":20715,"iIdSupport":4,"iIdFonctionnalite":10200,"iIdZone":10202,"iIdSticker":2,"sTypeSticker":"QUALITE"},{"sNoPointLivraison":"079111","iIdProduit":20715,"iIdSupport":4,"iIdFonctionnalite":10200,"iIdZone":10203,"iIdSticker":20,"sTypeSticker":"AVIS_CLIENT"},{"sNoPointLivraison":"079111","iIdProduit":20715,"iIdSupport":4,"iIdFonctionnalite":10200,"iIdZone":10206,"iIdSticker":9,"sTypeSticker":"ECHELLE"},{"sNoPointLivraison":"079111","iIdProduit":20715,"iIdSupport":4,"iIdFonctionnalite":10200,"iIdZone":10207,"iIdSticker":23,"sTypeSticker":"NUTRISCORE"},{"sNoPointLivraison":"079111","iIdProduit":20715,"iIdSupport":4,"iIdFonctionnalite":10300,"iIdZone":10302,"iIdSticker":1,"sTypeSticker":"MARQUE"},{"sNoPointLivraison":"079111","iIdProduit":20715,"iIdSupport":4,"iIdFonctionnalite":10300,"iIdZone":10302,"iIdSticker":2,"sTypeSticker":"QUALITE"},{"sNoPointLivraison":"079111","iIdProduit":20715,"iIdSupport":4,"iIdFonctionnalite":10300,"iIdZone":10303,"iIdSticker":20,"sTypeSticker":"AVIS_CLIENT"},{"sNoPointLivraison":"079111","iIdProduit":20715,"iIdSupport":4,"iIdFonctionnalite":10300,"iIdZone":10306,"iIdSticker":9,"sTypeSticker":"ECHELLE"},{"sNoPointLivraison":"079111","iIdProduit":20715,"iIdSupport":4,"iIdFonctionnalite":10300,"iIdZone":10307,"iIdSticker":23,"sTypeSticker":"NUTRISCORE"},{"sNoPointLivraison":"079111","iIdProduit":20715,"iIdSupport":4,"iIdFonctionnalite":10700,"iIdZone":10702,"iIdSticker":1,"sTypeSticker":"MARQUE"},{"sNoPointLivraison":"079111","iIdProduit":20715,"iIdSupport":4,"iIdFonctionnalite":10700,"iIdZone":10702,"iIdSticker":2,"sTypeSticker":"QUALITE"},{"sNoPointLivraison":"079111","iIdProduit":20715,"iIdSupport":4,"iIdFonctionnalite":10700,"iIdZone":10703,"iIdSticker":20,"sTypeSticker":"AVIS_CLIENT"},{"sNoPointLivraison":"079111","iIdProduit":20715,"iIdSupport":4,"iIdFonctionnalite":10700,"iIdZone":10706,"iIdSticker":9,"sTypeSticker":"ECHELLE"},{"sNoPointLivraison":"079111","iIdProduit":20715,"iIdSupport":4,"iIdFonctionnalite":10700,"iIdZone":10707,"iIdSticker":23,"sTypeSticker":"NUTRISCORE"},{"sNoPointLivraison":"079111","iIdProduit":93029,"iIdSupport":4,"iIdFonctionnalite":10100,"iIdZone":10102,"iIdSticker":1,"sTypeSticker":"MARQUE"},{"sNoPointLivraison":"079111","iIdProduit":93029,"iIdSupport":4,"iIdFonctionnalite":10100,"iIdZone":10102,"iIdSticker":2,"sTypeSticker":"QUALITE"},{"sNoPointLivraison":"079111","iIdProduit":93029,"iIdSupport":4,"iIdFonctionnalite":10100,"iIdZone":10106,"iIdSticker":7,"sTypeSticker":"ECHELLE"},{"sNoPointLivraison":"079111","iIdProduit":93029,"iIdSupport":4,"iIdFonctionnalite":10200,"iIdZone":10202,"iIdSticker":1,"sTypeSticker":"MARQUE"},{"sNoPointLivraison":"079111","iIdProduit":93029,"iIdSupport":4,"iIdFonctionnalite":10200,"iIdZone":10202,"iIdSticker":2,"sTypeSticker":"QUALITE"},{"sNoPointLivraison":"079111","iIdProduit":93029,"iIdSupport":4,"iIdFonctionnalite":10200,"iIdZone":10203,"iIdSticker":8,"sTypeSticker":"AVIS_CLIENT"},{"sNoPointLivraison":"079111","iIdProduit":93029,"iIdSupport":4,"iIdFonctionnalite":10200,"iIdZone":10206,"iIdSticker":7,"sTypeSticker":"ECHELLE"},{"sNoPointLivraison":"079111","iIdProduit":93029,"iIdSupport":4,"iIdFonctionnalite":10300,"iIdZone":10302,"iIdSticker":1,"sTypeSticker":"MARQUE"},{"sNoPointLivraison":"079111","iIdProduit":93029,"iIdSupport":4,"iIdFonctionnalite":10300,"iIdZone":10302,"iIdSticker":2,"sTypeSticker":"QUALITE"},{"sNoPointLivraison":"079111","iIdProduit":93029,"iIdSupport":4,"iIdFonctionnalite":10300,"iIdZone":10303,"iIdSticker":8,"sTypeSticker":"AVIS_CLIENT"},{"sNoPointLivraison":"079111","iIdProduit":93029,"iIdSupport":4,"iIdFonctionnalite":10300,"iIdZone":10306,"iIdSticker":7,"sTypeSticker":"ECHELLE"},{"sNoPointLivraison":"079111","iIdProduit":93029,"iIdSupport":4,"iIdFonctionnalite":10700,"iIdZone":10702,"iIdSticker":1,"sTypeSticker":"MARQUE"},{"sNoPointLivraison":"079111","iIdProduit":93029,"iIdSupport":4,"iIdFonctionnalite":10700,"iIdZone":10702,"iIdSticker":2,"sTypeSticker":"QUALITE"},{"sNoPointLivraison":"079111","iIdProduit":93029,"iIdSupport":4,"iIdFonctionnalite":10700,"iIdZone":10706,"iIdSticker":7,"sTypeSticker":"ECHELLE"},{"sNoPointLivraison":"079111","iIdProduit":177941,"iIdSupport":4,"iIdFonctionnalite":10100,"iIdZone":10102,"iIdSticker":1,"sTypeSticker":"MARQUE"},{"sNoPointLivraison":"079111","iIdProduit":177941,"iIdSupport":4,"iIdFonctionnalite":10100,"iIdZone":10102,"iIdSticker":2,"sTypeSticker":"QUALITE"},{"sNoPointLivraison":"079111","iIdProduit":177941,"iIdSupport":4,"iIdFonctionnalite":10100,"iIdZone":10103,"iIdSticker":3,"sTypeSticker":"AVIS_CLIENT"},{"sNoPointLivraison":"079111","iIdProduit":177941,"iIdSupport":4,"iIdFonctionnalite":10100,"iIdZone":10106,"iIdSticker":7,"sTypeSticker":"ECHELLE"},{"sNoPointLivraison":"079111","iIdProduit":177941,"iIdSupport":4,"iIdFonctionnalite":10200,"iIdZone":10202,"iIdSticker":1,"sTypeSticker":"MARQUE"},{"sNoPointLivraison":"079111","iIdProduit":177941,"iIdSupport":4,"iIdFonctionnalite":10200,"iIdZone":10202,"iIdSticker":2,"sTypeSticker":"QUALITE"},{"sNoPointLivraison":"079111","iIdProduit":177941,"iIdSupport":4,"iIdFonctionnalite":10200,"iIdZone":10203,"iIdSticker":3,"sTypeSticker":"AVIS_CLIENT"},{"sNoPointLivraison":"079111","iIdProduit":177941,"iIdSupport":4,"iIdFonctionnalite":10200,"iIdZone":10206,"iIdSticker":7,"sTypeSticker":"ECHELLE"},{"sNoPointLivraison":"079111","iIdProduit":177941,"iIdSupport":4,"iIdFonctionnalite":10300,"iIdZone":10302,"iIdSticker":1,"sTypeSticker":"MARQUE"},{"sNoPointLivraison":"079111","iIdProduit":177941,"iIdSupport":4,"iIdFonctionnalite":10300,"iIdZone":10302,"iIdSticker":2,"sTypeSticker":"QUALITE"},{"sNoPointLivraison":"079111","iIdProduit":177941,"iIdSupport":4,"iIdFonctionnalite":10300,"iIdZone":10303,"iIdSticker":3,"sTypeSticker":"AVIS_CLIENT"},{"sNoPointLivraison":"079111","iIdProduit":177941,"iIdSupport":4,"iIdFonctionnalite":10300,"iIdZone":10306,"iIdSticker":7,"sTypeSticker":"ECHELLE"},{"sNoPointLivraison":"079111","iIdProduit":177941,"iIdSupport":4,"iIdFonctionnalite":10700,"iIdZone":10702,"iIdSticker":1,"sTypeSticker":"MARQUE"},{"sNoPointLivraison":"079111","iIdProduit":177941,"iIdSupport":4,"iIdFonctionnalite":10700,"iIdZone":10702,"iIdSticker":2,"sTypeSticker":"QUALITE"},{"sNoPointLivraison":"079111","iIdProduit":177941,"iIdSupport":4,"iIdFonctionnalite":10700,"iIdZone":10703,"iIdSticker":3,"sTypeSticker":"AVIS_CLIENT"},{"sNoPointLivraison":"079111","iIdProduit":177941,"iIdSupport":4,"iIdFonctionnalite":10700,"iIdZone":10706,"iIdSticker":7,"sTypeSticker":"ECHELLE"},{"sNoPointLivraison":"079111","iIdProduit":92452,"iIdSupport":4,"iIdFonctionnalite":10100,"iIdZone":10102,"iIdSticker":1,"sTypeSticker":"MARQUE"},{"sNoPointLivraison":"079111","iIdProduit":92452,"iIdSupport":4,"iIdFonctionnalite":10100,"iIdZone":10102,"iIdSticker":2,"sTypeSticker":"QUALITE"},{"sNoPointLivraison":"079111","iIdProduit":92452,"iIdSupport":4,"iIdFonctionnalite":10100,"iIdZone":10103,"iIdSticker":5,"sTypeSticker":"AVIS_CLIENT"},{"sNoPointLivraison":"079111","iIdProduit":92452,"iIdSupport":4,"iIdFonctionnalite":10100,"iIdZone":10106,"iIdSticker":22,"sTypeSticker":"ECHELLE"},{"sNoPointLivraison":"079111","iIdProduit":92452,"iIdSupport":4,"iIdFonctionnalite":10200,"iIdZone":10202,"iIdSticker":1,"sTypeSticker":"MARQUE"},{"sNoPointLivraison":"079111","iIdProduit":92452,"iIdSupport":4,"iIdFonctionnalite":10200,"iIdZone":10202,"iIdSticker":2,"sTypeSticker":"QUALITE"},{"sNoPointLivraison":"079111","iIdProduit":92452,"iIdSupport":4,"iIdFonctionnalite":10200,"iIdZone":10203,"iIdSticker":5,"sTypeSticker":"AVIS_CLIENT"},{"sNoPointLivraison":"079111","iIdProduit":92452,"iIdSupport":4,"iIdFonctionnalite":10200,"iIdZone":10206,"iIdSticker":22,"sTypeSticker":"ECHELLE"},{"sNoPointLivraison":"079111","iIdProduit":92452,"iIdSupport":4,"iIdFonctionnalite":10300,"iIdZone":10302,"iIdSticker":1,"sTypeSticker":"MARQUE"},{"sNoPointLivraison":"079111","iIdProduit":92452,"iIdSupport":4,"iIdFonctionnalite":10300,"iIdZone":10302,"iIdSticker":2,"sTypeSticker":"QUALITE"},{"sNoPointLivraison":"079111","iIdProduit":92452,"iIdSupport":4,"iIdFonctionnalite":10300,"iIdZone":10303,"iIdSticker":5,"sTypeSticker":"AVIS_CLIENT"},{"sNoPointLivraison":"079111","iIdProduit":92452,"iIdSupport":4,"iIdFonctionnalite":10300,"iIdZone":10306,"iIdSticker":22,"sTypeSticker":"ECHELLE"},{"sNoPointLivraison":"079111","iIdProduit":92452,"iIdSupport":4,"iIdFonctionnalite":10700,"iIdZone":10702,"iIdSticker":1,"sTypeSticker":"MARQUE"},{"sNoPointLivraison":"079111","iIdProduit":92452,"iIdSupport":4,"iIdFonctionnalite":10700,"iIdZone":10702,"iIdSticker":2,"sTypeSticker":"QUALITE"},{"sNoPointLivraison":"079111","iIdProduit":92452,"iIdSupport":4,"iIdFonctionnalite":10700,"iIdZone":10703,"iIdSticker":5,"sTypeSticker":"AVIS_CLIENT"},{"sNoPointLivraison":"079111","iIdProduit":92452,"iIdSupport":4,"iIdFonctionnalite":10700,"iIdZone":10706,"iIdSticker":22,"sTypeSticker":"ECHELLE"},{"sNoPointLivraison":"079111","iIdProduit":8444,"iIdSupport":4,"iIdFonctionnalite":10100,"iIdZone":10102,"iIdSticker":2,"sTypeSticker":"QUALITE"},{"sNoPointLivraison":"079111","iIdProduit":8444,"iIdSupport":4,"iIdFonctionnalite":10100,"iIdZone":10106,"iIdSticker":24,"sTypeSticker":"MOLETTE_ECHELLE"},{"sNoPointLivraison":"079111","iIdProduit":8444,"iIdSupport":4,"iIdFonctionnalite":10200,"iIdZone":10202,"iIdSticker":2,"sTypeSticker":"QUALITE"},{"sNoPointLivraison":"079111","iIdProduit":8444,"iIdSupport":4,"iIdFonctionnalite":10200,"iIdZone":10206,"iIdSticker":24,"sTypeSticker":"MOLETTE_ECHELLE"},{"sNoPointLivraison":"079111","iIdProduit":8444,"iIdSupport":4,"iIdFonctionnalite":10300,"iIdZone":10302,"iIdSticker":2,"sTypeSticker":"QUALITE"},{"sNoPointLivraison":"079111","iIdProduit":8444,"iIdSupport":4,"iIdFonctionnalite":10300,"iIdZone":10306,"iIdSticker":24,"sTypeSticker":"MOLETTE_ECHELLE"},{"sNoPointLivraison":"079111","iIdProduit":8444,"iIdSupport":4,"iIdFonctionnalite":10700,"iIdZone":10702,"iIdSticker":2,"sTypeSticker":"QUALITE"},{"sNoPointLivraison":"079111","iIdProduit":8444,"iIdSupport":4,"iIdFonctionnalite":10700,"iIdZone":10706,"iIdSticker":24,"sTypeSticker":"MOLETTE_ECHELLE"},{"sNoPointLivraison":"079111","iIdProduit":92702,"iIdSupport":4,"iIdFonctionnalite":10100,"iIdZone":10102,"iIdSticker":1,"sTypeSticker":"MARQUE"},{"sNoPointLivraison":"079111","iIdProduit":92702,"iIdSupport":4,"iIdFonctionnalite":10100,"iIdZone":10102,"iIdSticker":2,"sTypeSticker":"QUALITE"},{"sNoPointLivraison":"079111","iIdProduit":92702,"iIdSupport":4,"iIdFonctionnalite":10100,"iIdZone":10103,"iIdSticker":25,"sTypeSticker":"AVIS_CLIENT"},{"sNoPointLivraison":"079111","iIdProduit":92702,"iIdSupport":4,"iIdFonctionnalite":10100,"iIdZone":10106,"iIdSticker":9,"sTypeSticker":"ECHELLE"},{"sNoPointLivraison":"079111","iIdProduit":92702,"iIdSupport":4,"iIdFonctionnalite":10200,"iIdZone":10202,"iIdSticker":1,"sTypeSticker":"MARQUE"},{"sNoPointLivraison":"079111","iIdProduit":92702,"iIdSupport":4,"iIdFonctionnalite":10200,"iIdZone":10202,"iIdSticker":2,"sTypeSticker":"QUALITE"},{"sNoPointLivraison":"079111","iIdProduit":92702,"iIdSupport":4,"iIdFonctionnalite":10200,"iIdZone":10203,"iIdSticker":25,"sTypeSticker":"AVIS_CLIENT"},{"sNoPointLivraison":"079111","iIdProduit":92702,"iIdSupport":4,"iIdFonctionnalite":10200,"iIdZone":10206,"iIdSticker":9,"sTypeSticker":"ECHELLE"},{"sNoPointLivraison":"079111","iIdProduit":92702,"iIdSupport":4,"iIdFonctionnalite":10300,"iIdZone":10302,"iIdSticker":1,"sTypeSticker":"MARQUE"},{"sNoPointLivraison":"079111","iIdProduit":92702,"iIdSupport":4,"iIdFonctionnalite":10300,"iIdZone":10302,"iIdSticker":2,"sTypeSticker":"QUALITE"},{"sNoPointLivraison":"079111","iIdProduit":92702,"iIdSupport":4,"iIdFonctionnalite":10300,"iIdZone":10303,"iIdSticker":25,"sTypeSticker":"AVIS_CLIENT"},{"sNoPointLivraison":"079111","iIdProduit":92702,"iIdSupport":4,"iIdFonctionnalite":10300,"iIdZone":10306,"iIdSticker":9,"sTypeSticker":"ECHELLE"},{"sNoPointLivraison":"079111","iIdProduit":92702,"iIdSupport":4,"iIdFonctionnalite":10700,"iIdZone":10702,"iIdSticker":1,"sTypeSticker":"MARQUE"},{"sNoPointLivraison":"079111","iIdProduit":92702,"iIdSupport":4,"iIdFonctionnalite":10700,"iIdZone":10702,"iIdSticker":2,"sTypeSticker":"QUALITE"},{"sNoPointLivraison":"079111","iIdProduit":92702,"iIdSupport":4,"iIdFonctionnalite":10700,"iIdZone":10703,"iIdSticker":25,"sTypeSticker":"AVIS_CLIENT"},{"sNoPointLivraison":"079111","iIdProduit":92702,"iIdSupport":4,"iIdFonctionnalite":10700,"iIdZone":10706,"iIdSticker":9,"sTypeSticker":"ECHELLE"},{"sNoPointLivraison":"079111","iIdProduit":93030,"iIdSupport":4,"iIdFonctionnalite":10100,"iIdZone":10102,"iIdSticker":1,"sTypeSticker":"MARQUE"},{"sNoPointLivraison":"079111","iIdProduit":93030,"iIdSupport":4,"iIdFonctionnalite":10100,"iIdZone":10102,"iIdSticker":2,"sTypeSticker":"QUALITE"},{"sNoPointLivraison":"079111","iIdProduit":93030,"iIdSupport":4,"iIdFonctionnalite":10200,"iIdZone":10202,"iIdSticker":1,"sTypeSticker":"MARQUE"},{"sNoPointLivraison":"079111","iIdProduit":93030,"iIdSupport":4,"iIdFonctionnalite":10200,"iIdZone":10202,"iIdSticker":2,"sTypeSticker":"QUALITE"},{"sNoPointLivraison":"079111","iIdProduit":93030,"iIdSupport":4,"iIdFonctionnalite":10200,"iIdZone":10203,"iIdSticker":3,"sTypeSticker":"AVIS_CLIENT"},{"sNoPointLivraison":"079111","iIdProduit":93030,"iIdSupport":4,"iIdFonctionnalite":10300,"iIdZone":10302,"iIdSticker":1,"sTypeSticker":"MARQUE"},{"sNoPointLivraison":"079111","iIdProduit":93030,"iIdSupport":4,"iIdFonctionnalite":10300,"iIdZone":10302,"iIdSticker":2,"sTypeSticker":"QUALITE"},{"sNoPointLivraison":"079111","iIdProduit":93030,"iIdSupport":4,"iIdFonctionnalite":10300,"iIdZone":10303,"iIdSticker":3,"sTypeSticker":"AVIS_CLIENT"},{"sNoPointLivraison":"079111","iIdProduit":93030,"iIdSupport":4,"iIdFonctionnalite":10700,"iIdZone":10702,"iIdSticker":1,"sTypeSticker":"MARQUE"},{"sNoPointLivraison":"079111","iIdProduit":93030,"iIdSupport":4,"iIdFonctionnalite":10700,"iIdZone":10702,"iIdSticker":2,"sTypeSticker":"QUALITE"},{"sNoPointLivraison":"079111","iIdProduit":93050,"iIdSupport":4,"iIdFonctionnalite":10100,"iIdZone":10102,"iIdSticker":1,"sTypeSticker":"MARQUE"},{"sNoPointLivraison":"079111","iIdProduit":93050,"iIdSupport":4,"iIdFonctionnalite":10100,"iIdZone":10102,"iIdSticker":2,"sTypeSticker":"QUALITE"},{"sNoPointLivraison":"079111","iIdProduit":93050,"iIdSupport":4,"iIdFonctionnalite":10200,"iIdZone":10202,"iIdSticker":1,"sTypeSticker":"MARQUE"},{"sNoPointLivraison":"079111","iIdProduit":93050,"iIdSupport":4,"iIdFonctionnalite":10200,"iIdZone":10202,"iIdSticker":2,"sTypeSticker":"QUALITE"},{"sNoPointLivraison":"079111","iIdProduit":93050,"iIdSupport":4,"iIdFonctionnalite":10200,"iIdZone":10203,"iIdSticker":21,"sTypeSticker":"AVIS_CLIENT"},{"sNoPointLivraison":"079111","iIdProduit":93050,"iIdSupport":4,"iIdFonctionnalite":10300,"iIdZone":10302,"iIdSticker":1,"sTypeSticker":"MARQUE"},{"sNoPointLivraison":"079111","iIdProduit":93050,"iIdSupport":4,"iIdFonctionnalite":10300,"iIdZone":10302,"iIdSticker":2,"sTypeSticker":"QUALITE"},{"sNoPointLivraison":"079111","iIdProduit":93050,"iIdSupport":4,"iIdFonctionnalite":10300,"iIdZone":10303,"iIdSticker":21,"sTypeSticker":"AVIS_CLIENT"},{"sNoPointLivraison":"079111","iIdProduit":93050,"iIdSupport":4,"iIdFonctionnalite":10700,"iIdZone":10702,"iIdSticker":1,"sTypeSticker":"MARQUE"},{"sNoPointLivraison":"079111","iIdProduit":93050,"iIdSupport":4,"iIdFonctionnalite":10700,"iIdZone":10702,"iIdSticker":2,"sTypeSticker":"QUALITE"},{"sNoPointLivraison":"079111","iIdProduit":191139,"iIdSupport":4,"iIdFonctionnalite":10100,"iIdZone":10102,"iIdSticker":1,"sTypeSticker":"MARQUE"},{"sNoPointLivraison":"079111","iIdProduit":191139,"iIdSupport":4,"iIdFonctionnalite":10100,"iIdZone":10102,"iIdSticker":2,"sTypeSticker":"QUALITE"},{"sNoPointLivraison":"079111","iIdProduit":191139,"iIdSupport":4,"iIdFonctionnalite":10100,"iIdZone":10106,"iIdSticker":9,"sTypeSticker":"ECHELLE"},{"sNoPointLivraison":"079111","iIdProduit":191139,"iIdSupport":4,"iIdFonctionnalite":10200,"iIdZone":10202,"iIdSticker":1,"sTypeSticker":"MARQUE"},{"sNoPointLivraison":"079111","iIdProduit":191139,"iIdSupport":4,"iIdFonctionnalite":10200,"iIdZone":10202,"iIdSticker":2,"sTypeSticker":"QUALITE"},{"sNoPointLivraison":"079111","iIdProduit":191139,"iIdSupport":4,"iIdFonctionnalite":10200,"iIdZone":10206,"iIdSticker":9,"sTypeSticker":"ECHELLE"},{"sNoPointLivraison":"079111","iIdProduit":191139,"iIdSupport":4,"iIdFonctionnalite":10300,"iIdZone":10302,"iIdSticker":1,"sTypeSticker":"MARQUE"},{"sNoPointLivraison":"079111","iIdProduit":191139,"iIdSupport":4,"iIdFonctionnalite":10300,"iIdZone":10302,"iIdSticker":2,"sTypeSticker":"QUALITE"},{"sNoPointLivraison":"079111","iIdProduit":191139,"iIdSupport":4,"iIdFonctionnalite":10300,"iIdZone":10306,"iIdSticker":9,"sTypeSticker":"ECHELLE"},{"sNoPointLivraison":"079111","iIdProduit":191139,"iIdSupport":4,"iIdFonctionnalite":10700,"iIdZone":10702,"iIdSticker":1,"sTypeSticker":"MARQUE"},{"sNoPointLivraison":"079111","iIdProduit":191139,"iIdSupport":4,"iIdFonctionnalite":10700,"iIdZone":10702,"iIdSticker":2,"sTypeSticker":"QUALITE"},{"sNoPointLivraison":"079111","iIdProduit":191139,"iIdSupport":4,"iIdFonctionnalite":10700,"iIdZone":10706,"iIdSticker":9,"sTypeSticker":"ECHELLE"},{"sNoPointLivraison":"079111","iIdProduit":88707,"iIdSupport":4,"iIdFonctionnalite":10100,"iIdZone":10102,"iIdSticker":1,"sTypeSticker":"MARQUE"},{"sNoPointLivraison":"079111","iIdProduit":88707,"iIdSupport":4,"iIdFonctionnalite":10100,"iIdZone":10102,"iIdSticker":2,"sTypeSticker":"QUALITE"},{"sNoPointLivraison":"079111","iIdProduit":88707,"iIdSupport":4,"iIdFonctionnalite":10100,"iIdZone":10103,"iIdSticker":17,"sTypeSticker":"AVIS_CLIENT"},{"sNoPointLivraison":"079111","iIdProduit":88707,"iIdSupport":4,"iIdFonctionnalite":10100,"iIdZone":10106,"iIdSticker":26,"sTypeSticker":"ECHELLE"},{"sNoPointLivraison":"079111","iIdProduit":88707,"iIdSupport":4,"iIdFonctionnalite":10200,"iIdZone":10202,"iIdSticker":1,"sTypeSticker":"MARQUE"},{"sNoPointLivraison":"079111","iIdProduit":88707,"iIdSupport":4,"iIdFonctionnalite":10200,"iIdZone":10202,"iIdSticker":2,"sTypeSticker":"QUALITE"},{"sNoPointLivraison":"079111","iIdProduit":88707,"iIdSupport":4,"iIdFonctionnalite":10200,"iIdZone":10203,"iIdSticker":17,"sTypeSticker":"AVIS_CLIENT"},{"sNoPointLivraison":"079111","iIdProduit":88707,"iIdSupport":4,"iIdFonctionnalite":10200,"iIdZone":10206,"iIdSticker":26,"sTypeSticker":"ECHELLE"},{"sNoPointLivraison":"079111","iIdProduit":88707,"iIdSupport":4,"iIdFonctionnalite":10300,"iIdZone":10302,"iIdSticker":1,"sTypeSticker":"MARQUE"},{"sNoPointLivraison":"079111","iIdProduit":88707,"iIdSupport":4,"iIdFonctionnalite":10300,"iIdZone":10302,"iIdSticker":2,"sTypeSticker":"QUALITE"},{"sNoPointLivraison":"079111","iIdProduit":88707,"iIdSupport":4,"iIdFonctionnalite":10300,"iIdZone":10303,"iIdSticker":17,"sTypeSticker":"AVIS_CLIENT"},{"sNoPointLivraison":"079111","iIdProduit":88707,"iIdSupport":4,"iIdFonctionnalite":10300,"iIdZone":10306,"iIdSticker":26,"sTypeSticker":"ECHELLE"},{"sNoPointLivraison":"079111","iIdProduit":88707,"iIdSupport":4,"iIdFonctionnalite":10700,"iIdZone":10702,"iIdSticker":1,"sTypeSticker":"MARQUE"},{"sNoPointLivraison":"079111","iIdProduit":88707,"iIdSupport":4,"iIdFonctionnalite":10700,"iIdZone":10702,"iIdSticker":2,"sTypeSticker":"QUALITE"},{"sNoPointLivraison":"079111","iIdProduit":88707,"iIdSupport":4,"iIdFonctionnalite":10700,"iIdZone":10703,"iIdSticker":17,"sTypeSticker":"AVIS_CLIENT"},{"sNoPointLivraison":"079111","iIdProduit":88707,"iIdSupport":4,"iIdFonctionnalite":10700,"iIdZone":10706,"iIdSticker":26,"sTypeSticker":"ECHELLE"},{"sNoPointLivraison":"079111","iIdProduit":93071,"iIdSupport":4,"iIdFonctionnalite":10100,"iIdZone":10102,"iIdSticker":1,"sTypeSticker":"MARQUE"},{"sNoPointLivraison":"079111","iIdProduit":93071,"iIdSupport":4,"iIdFonctionnalite":10100,"iIdZone":10102,"iIdSticker":2,"sTypeSticker":"QUALITE"},{"sNoPointLivraison":"079111","iIdProduit":93071,"iIdSupport":4,"iIdFonctionnalite":10100,"iIdZone":10106,"iIdSticker":27,"sTypeSticker":"ECHELLE"},{"sNoPointLivraison":"079111","iIdProduit":93071,"iIdSupport":4,"iIdFonctionnalite":10200,"iIdZone":10202,"iIdSticker":1,"sTypeSticker":"MARQUE"},{"sNoPointLivraison":"079111","iIdProduit":93071,"iIdSupport":4,"iIdFonctionnalite":10200,"iIdZone":10202,"iIdSticker":2,"sTypeSticker":"QUALITE"},{"sNoPointLivraison":"079111","iIdProduit":93071,"iIdSupport":4,"iIdFonctionnalite":10200,"iIdZone":10203,"iIdSticker":28,"sTypeSticker":"AVIS_CLIENT"},{"sNoPointLivraison":"079111","iIdProduit":93071,"iIdSupport":4,"iIdFonctionnalite":10200,"iIdZone":10206,"iIdSticker":27,"sTypeSticker":"ECHELLE"},{"sNoPointLivraison":"079111","iIdProduit":93071,"iIdSupport":4,"iIdFonctionnalite":10300,"iIdZone":10302,"iIdSticker":1,"sTypeSticker":"MARQUE"},{"sNoPointLivraison":"079111","iIdProduit":93071,"iIdSupport":4,"iIdFonctionnalite":10300,"iIdZone":10302,"iIdSticker":2,"sTypeSticker":"QUALITE"},{"sNoPointLivraison":"079111","iIdProduit":93071,"iIdSupport":4,"iIdFonctionnalite":10300,"iIdZone":10303,"iIdSticker":28,"sTypeSticker":"AVIS_CLIENT"},{"sNoPointLivraison":"079111","iIdProduit":93071,"iIdSupport":4,"iIdFonctionnalite":10300,"iIdZone":10306,"iIdSticker":27,"sTypeSticker":"ECHELLE"},{"sNoPointLivraison":"079111","iIdProduit":93071,"iIdSupport":4,"iIdFonctionnalite":10700,"iIdZone":10702,"iIdSticker":1,"sTypeSticker":"MARQUE"},{"sNoPointLivraison":"079111","iIdProduit":93071,"iIdSupport":4,"iIdFonctionnalite":10700,"iIdZone":10702,"iIdSticker":2,"sTypeSticker":"QUALITE"},{"sNoPointLivraison":"079111","iIdProduit":93071,"iIdSupport":4,"iIdFonctionnalite":10700,"iIdZone":10706,"iIdSticker":27,"sTypeSticker":"ECHELLE"},{"sNoPointLivraison":"079111","iIdProduit":36432,"iIdSupport":4,"iIdFonctionnalite":10100,"iIdZone":10102,"iIdSticker":2,"sTypeSticker":"QUALITE"},{"sNoPointLivraison":"079111","iIdProduit":36432,"iIdSupport":4,"iIdFonctionnalite":10100,"iIdZone":10106,"iIdSticker":29,"sTypeSticker":"MOLETTE_ECHELLE"},{"sNoPointLivraison":"079111","iIdProduit":36432,"iIdSupport":4,"iIdFonctionnalite":10200,"iIdZone":10202,"iIdSticker":2,"sTypeSticker":"QUALITE"},{"sNoPointLivraison":"079111","iIdProduit":36432,"iIdSupport":4,"iIdFonctionnalite":10200,"iIdZone":10206,"iIdSticker":29,"sTypeSticker":"MOLETTE_ECHELLE"},{"sNoPointLivraison":"079111","iIdProduit":36432,"iIdSupport":4,"iIdFonctionnalite":10300,"iIdZone":10302,"iIdSticker":2,"sTypeSticker":"QUALITE"},{"sNoPointLivraison":"079111","iIdProduit":36432,"iIdSupport":4,"iIdFonctionnalite":10300,"iIdZone":10306,"iIdSticker":29,"sTypeSticker":"MOLETTE_ECHELLE"},{"sNoPointLivraison":"079111","iIdProduit":36432,"iIdSupport":4,"iIdFonctionnalite":10700,"iIdZone":10702,"iIdSticker":2,"sTypeSticker":"QUALITE"},{"sNoPointLivraison":"079111","iIdProduit":36432,"iIdSupport":4,"iIdFonctionnalite":10700,"iIdZone":10706,"iIdSticker":29,"sTypeSticker":"MOLETTE_ECHELLE"},{"sNoPointLivraison":"079111","iIdProduit":9246,"iIdSupport":4,"iIdFonctionnalite":10100,"iIdZone":10102,"iIdSticker":1,"sTypeSticker":"MARQUE"},{"sNoPointLivraison":"079111","iIdProduit":9246,"iIdSupport":4,"iIdFonctionnalite":10100,"iIdZone":10102,"iIdSticker":2,"sTypeSticker":"QUALITE"},{"sNoPointLivraison":"079111","iIdProduit":9246,"iIdSupport":4,"iIdFonctionnalite":10200,"iIdZone":10202,"iIdSticker":1,"sTypeSticker":"MARQUE"},{"sNoPointLivraison":"079111","iIdProduit":9246,"iIdSupport":4,"iIdFonctionnalite":10200,"iIdZone":10202,"iIdSticker":2,"sTypeSticker":"QUALITE"},{"sNoPointLivraison":"079111","iIdProduit":9246,"iIdSupport":4,"iIdFonctionnalite":10200,"iIdZone":10203,"iIdSticker":5,"sTypeSticker":"AVIS_CLIENT"},{"sNoPointLivraison":"079111","iIdProduit":9246,"iIdSupport":4,"iIdFonctionnalite":10300,"iIdZone":10302,"iIdSticker":1,"sTypeSticker":"MARQUE"},{"sNoPointLivraison":"079111","iIdProduit":9246,"iIdSupport":4,"iIdFonctionnalite":10300,"iIdZone":10302,"iIdSticker":2,"sTypeSticker":"QUALITE"},{"sNoPointLivraison":"079111","iIdProduit":9246,"iIdSupport":4,"iIdFonctionnalite":10300,"iIdZone":10303,"iIdSticker":5,"sTypeSticker":"AVIS_CLIENT"},{"sNoPointLivraison":"079111","iIdProduit":9246,"iIdSupport":4,"iIdFonctionnalite":10700,"iIdZone":10702,"iIdSticker":1,"sTypeSticker":"MARQUE"},{"sNoPointLivraison":"079111","iIdProduit":9246,"iIdSupport":4,"iIdFonctionnalite":10700,"iIdZone":10702,"iIdSticker":2,"sTypeSticker":"QUALITE"},{"sNoPointLivraison":"079111","iIdProduit":92529,"iIdSupport":4,"iIdFonctionnalite":10100,"iIdZone":10102,"iIdSticker":1,"sTypeSticker":"MARQUE"},{"sNoPointLivraison":"079111","iIdProduit":92529,"iIdSupport":4,"iIdFonctionnalite":10100,"iIdZone":10102,"iIdSticker":2,"sTypeSticker":"QUALITE"},{"sNoPointLivraison":"079111","iIdProduit":92529,"iIdSupport":4,"iIdFonctionnalite":10100,"iIdZone":10103,"iIdSticker":20,"sTypeSticker":"AVIS_CLIENT"},{"sNoPointLivraison":"079111","iIdProduit":92529,"iIdSupport":4,"iIdFonctionnalite":10100,"iIdZone":10106,"iIdSticker":22,"sTypeSticker":"ECHELLE"},{"sNoPointLivraison":"079111","iIdProduit":92529,"iIdSupport":4,"iIdFonctionnalite":10200,"iIdZone":10202,"iIdSticker":1,"sTypeSticker":"MARQUE"},{"sNoPointLivraison":"079111","iIdProduit":92529,"iIdSupport":4,"iIdFonctionnalite":10200,"iIdZone":10202,"iIdSticker":2,"sTypeSticker":"QUALITE"},{"sNoPointLivraison":"079111","iIdProduit":92529,"iIdSupport":4,"iIdFonctionnalite":10200,"iIdZone":10203,"iIdSticker":20,"sTypeSticker":"AVIS_CLIENT"},{"sNoPointLivraison":"079111","iIdProduit":92529,"iIdSupport":4,"iIdFonctionnalite":10200,"iIdZone":10206,"iIdSticker":22,"sTypeSticker":"ECHELLE"},{"sNoPointLivraison":"079111","iIdProduit":92529,"iIdSupport":4,"iIdFonctionnalite":10300,"iIdZone":10302,"iIdSticker":1,"sTypeSticker":"MARQUE"},{"sNoPointLivraison":"079111","iIdProduit":92529,"iIdSupport":4,"iIdFonctionnalite":10300,"iIdZone":10302,"iIdSticker":2,"sTypeSticker":"QUALITE"},{"sNoPointLivraison":"079111","iIdProduit":92529,"iIdSupport":4,"iIdFonctionnalite":10300,"iIdZone":10303,"iIdSticker":20,"sTypeSticker":"AVIS_CLIENT"},{"sNoPointLivraison":"079111","iIdProduit":92529,"iIdSupport":4,"iIdFonctionnalite":10300,"iIdZone":10306,"iIdSticker":22,"sTypeSticker":"ECHELLE"},{"sNoPointLivraison":"079111","iIdProduit":92529,"iIdSupport":4,"iIdFonctionnalite":10700,"iIdZone":10702,"iIdSticker":1,"sTypeSticker":"MARQUE"},{"sNoPointLivraison":"079111","iIdProduit":92529,"iIdSupport":4,"iIdFonctionnalite":10700,"iIdZone":10702,"iIdSticker":2,"sTypeSticker":"QUALITE"},{"sNoPointLivraison":"079111","iIdProduit":92529,"iIdSupport":4,"iIdFonctionnalite":10700,"iIdZone":10703,"iIdSticker":20,"sTypeSticker":"AVIS_CLIENT"},{"sNoPointLivraison":"079111","iIdProduit":92529,"iIdSupport":4,"iIdFonctionnalite":10700,"iIdZone":10706,"iIdSticker":22,"sTypeSticker":"ECHELLE"},{"sNoPointLivraison":"079111","iIdProduit":100315,"iIdSupport":4,"iIdFonctionnalite":10100,"iIdZone":10102,"iIdSticker":2,"sTypeSticker":"QUALITE"},{"sNoPointLivraison":"079111","iIdProduit":100315,"iIdSupport":4,"iIdFonctionnalite":10100,"iIdZone":10103,"iIdSticker":25,"sTypeSticker":"AVIS_CLIENT"},{"sNoPointLivraison":"079111","iIdProduit":100315,"iIdSupport":4,"iIdFonctionnalite":10100,"iIdZone":10106,"iIdSticker":30,"sTypeSticker":"ECHELLE"},{"sNoPointLivraison":"079111","iIdProduit":100315,"iIdSupport":4,"iIdFonctionnalite":10200,"iIdZone":10202,"iIdSticker":2,"sTypeSticker":"QUALITE"},{"sNoPointLivraison":"079111","iIdProduit":100315,"iIdSupport":4,"iIdFonctionnalite":10200,"iIdZone":10203,"iIdSticker":25,"sTypeSticker":"AVIS_CLIENT"},{"sNoPointLivraison":"079111","iIdProduit":100315,"iIdSupport":4,"iIdFonctionnalite":10200,"iIdZone":10206,"iIdSticker":30,"sTypeSticker":"ECHELLE"},{"sNoPointLivraison":"079111","iIdProduit":100315,"iIdSupport":4,"iIdFonctionnalite":10300,"iIdZone":10302,"iIdSticker":2,"sTypeSticker":"QUALITE"},{"sNoPointLivraison":"079111","iIdProduit":100315,"iIdSupport":4,"iIdFonctionnalite":10300,"iIdZone":10303,"iIdSticker":25,"sTypeSticker":"AVIS_CLIENT"},{"sNoPointLivraison":"079111","iIdProduit":100315,"iIdSupport":4,"iIdFonctionnalite":10300,"iIdZone":10306,"iIdSticker":30,"sTypeSticker":"ECHELLE"},{"sNoPointLivraison":"079111","iIdProduit":100315,"iIdSupport":4,"iIdFonctionnalite":10700,"iIdZone":10702,"iIdSticker":2,"sTypeSticker":"QUALITE"},{"sNoPointLivraison":"079111","iIdProduit":100315,"iIdSupport":4,"iIdFonctionnalite":10700,"iIdZone":10703,"iIdSticker":25,"sTypeSticker":"AVIS_CLIENT"},{"sNoPointLivraison":"079111","iIdProduit":100315,"iIdSupport":4,"iIdFonctionnalite":10700,"iIdZone":10706,"iIdSticker":30,"sTypeSticker":"ECHELLE"},{"sNoPointLivraison":"079111","iIdProduit":100314,"iIdSupport":4,"iIdFonctionnalite":10100,"iIdZone":10102,"iIdSticker":1,"sTypeSticker":"MARQUE"},{"sNoPointLivraison":"079111","iIdProduit":100314,"iIdSupport":4,"iIdFonctionnalite":10100,"iIdZone":10102,"iIdSticker":2,"sTypeSticker":"QUALITE"},{"sNoPointLivraison":"079111","iIdProduit":100314,"iIdSupport":4,"iIdFonctionnalite":10100,"iIdZone":10106,"iIdSticker":30,"sTypeSticker":"ECHELLE"},{"sNoPointLivraison":"079111","iIdProduit":100314,"iIdSupport":4,"iIdFonctionnalite":10200,"iIdZone":10202,"iIdSticker":1,"sTypeSticker":"MARQUE"},{"sNoPointLivraison":"079111","iIdProduit":100314,"iIdSupport":4,"iIdFonctionnalite":10200,"iIdZone":10202,"iIdSticker":2,"sTypeSticker":"QUALITE"},{"sNoPointLivraison":"079111","iIdProduit":100314,"iIdSupport":4,"iIdFonctionnalite":10200,"iIdZone":10203,"iIdSticker":21,"sTypeSticker":"AVIS_CLIENT"},{"sNoPointLivraison":"079111","iIdProduit":100314,"iIdSupport":4,"iIdFonctionnalite":10200,"iIdZone":10206,"iIdSticker":30,"sTypeSticker":"ECHELLE"},{"sNoPointLivraison":"079111","iIdProduit":100314,"iIdSupport":4,"iIdFonctionnalite":10300,"iIdZone":10302,"iIdSticker":1,"sTypeSticker":"MARQUE"},{"sNoPointLivraison":"079111","iIdProduit":100314,"iIdSupport":4,"iIdFonctionnalite":10300,"iIdZone":10302,"iIdSticker":2,"sTypeSticker":"QUALITE"},{"sNoPointLivraison":"079111","iIdProduit":100314,"iIdSupport":4,"iIdFonctionnalite":10300,"iIdZone":10303,"iIdSticker":21,"sTypeSticker":"AVIS_CLIENT"},{"sNoPointLivraison":"079111","iIdProduit":100314,"iIdSupport":4,"iIdFonctionnalite":10300,"iIdZone":10306,"iIdSticker":30,"sTypeSticker":"ECHELLE"},{"sNoPointLivraison":"079111","iIdProduit":100314,"iIdSupport":4,"iIdFonctionnalite":10700,"iIdZone":10702,"iIdSticker":1,"sTypeSticker":"MARQUE"},{"sNoPointLivraison":"079111","iIdProduit":100314,"iIdSupport":4,"iIdFonctionnalite":10700,"iIdZone":10702,"iIdSticker":2,"sTypeSticker":"QUALITE"},{"sNoPointLivraison":"079111","iIdProduit":100314,"iIdSupport":4,"iIdFonctionnalite":10700,"iIdZone":10706,"iIdSticker":30,"sTypeSticker":"ECHELLE"},{"sNoPointLivraison":"079111","iIdProduit":102077,"iIdSupport":4,"iIdFonctionnalite":10100,"iIdZone":10102,"iIdSticker":1,"sTypeSticker":"MARQUE"},{"sNoPointLivraison":"079111","iIdProduit":102077,"iIdSupport":4,"iIdFonctionnalite":10100,"iIdZone":10102,"iIdSticker":2,"sTypeSticker":"QUALITE"},{"sNoPointLivraison":"079111","iIdProduit":102077,"iIdSupport":4,"iIdFonctionnalite":10100,"iIdZone":10103,"iIdSticker":28,"sTypeSticker":"AVIS_CLIENT"},{"sNoPointLivraison":"079111","iIdProduit":102077,"iIdSupport":4,"iIdFonctionnalite":10100,"iIdZone":10106,"iIdSticker":27,"sTypeSticker":"ECHELLE"},{"sNoPointLivraison":"079111","iIdProduit":102077,"iIdSupport":4,"iIdFonctionnalite":10200,"iIdZone":10202,"iIdSticker":1,"sTypeSticker":"MARQUE"},{"sNoPointLivraison":"079111","iIdProduit":102077,"iIdSupport":4,"iIdFonctionnalite":10200,"iIdZone":10202,"iIdSticker":2,"sTypeSticker":"QUALITE"},{"sNoPointLivraison":"079111","iIdProduit":102077,"iIdSupport":4,"iIdFonctionnalite":10200,"iIdZone":10203,"iIdSticker":28,"sTypeSticker":"AVIS_CLIENT"},{"sNoPointLivraison":"079111","iIdProduit":102077,"iIdSupport":4,"iIdFonctionnalite":10200,"iIdZone":10206,"iIdSticker":27,"sTypeSticker":"ECHELLE"},{"sNoPointLivraison":"079111","iIdProduit":102077,"iIdSupport":4,"iIdFonctionnalite":10300,"iIdZone":10302,"iIdSticker":1,"sTypeSticker":"MARQUE"},{"sNoPointLivraison":"079111","iIdProduit":102077,"iIdSupport":4,"iIdFonctionnalite":10300,"iIdZone":10302,"iIdSticker":2,"sTypeSticker":"QUALITE"},{"sNoPointLivraison":"079111","iIdProduit":102077,"iIdSupport":4,"iIdFonctionnalite":10300,"iIdZone":10303,"iIdSticker":28,"sTypeSticker":"AVIS_CLIENT"},{"sNoPointLivraison":"079111","iIdProduit":102077,"iIdSupport":4,"iIdFonctionnalite":10300,"iIdZone":10306,"iIdSticker":27,"sTypeSticker":"ECHELLE"},{"sNoPointLivraison":"079111","iIdProduit":102077,"iIdSupport":4,"iIdFonctionnalite":10700,"iIdZone":10702,"iIdSticker":1,"sTypeSticker":"MARQUE"},{"sNoPointLivraison":"079111","iIdProduit":102077,"iIdSupport":4,"iIdFonctionnalite":10700,"iIdZone":10702,"iIdSticker":2,"sTypeSticker":"QUALITE"},{"sNoPointLivraison":"079111","iIdProduit":102077,"iIdSupport":4,"iIdFonctionnalite":10700,"iIdZone":10703,"iIdSticker":28,"sTypeSticker":"AVIS_CLIENT"},{"sNoPointLivraison":"079111","iIdProduit":102077,"iIdSupport":4,"iIdFonctionnalite":10700,"iIdZone":10706,"iIdSticker":27,"sTypeSticker":"ECHELLE"},{"sNoPointLivraison":"079111","iIdProduit":74284,"iIdSupport":4,"iIdFonctionnalite":10100,"iIdZone":10102,"iIdSticker":1,"sTypeSticker":"MARQUE"},{"sNoPointLivraison":"079111","iIdProduit":74284,"iIdSupport":4,"iIdFonctionnalite":10100,"iIdZone":10102,"iIdSticker":2,"sTypeSticker":"QUALITE"},{"sNoPointLivraison":"079111","iIdProduit":74284,"iIdSupport":4,"iIdFonctionnalite":10100,"iIdZone":10106,"iIdSticker":14,"sTypeSticker":"FRAICHEUR"},{"sNoPointLivraison":"079111","iIdProduit":74284,"iIdSupport":4,"iIdFonctionnalite":10100,"iIdZone":10106,"iIdSticker":9,"sTypeSticker":"ECHELLE"},{"sNoPointLivraison":"079111","iIdProduit":74284,"iIdSupport":4,"iIdFonctionnalite":10200,"iIdZone":10202,"iIdSticker":1,"sTypeSticker":"MARQUE"},{"sNoPointLivraison":"079111","iIdProduit":74284,"iIdSupport":4,"iIdFonctionnalite":10200,"iIdZone":10202,"iIdSticker":2,"sTypeSticker":"QUALITE"},{"sNoPointLivraison":"079111","iIdProduit":74284,"iIdSupport":4,"iIdFonctionnalite":10200,"iIdZone":10203,"iIdSticker":5,"sTypeSticker":"AVIS_CLIENT"},{"sNoPointLivraison":"079111","iIdProduit":74284,"iIdSupport":4,"iIdFonctionnalite":10200,"iIdZone":10206,"iIdSticker":14,"sTypeSticker":"FRAICHEUR"},{"sNoPointLivraison":"079111","iIdProduit":74284,"iIdSupport":4,"iIdFonctionnalite":10200,"iIdZone":10206,"iIdSticker":9,"sTypeSticker":"ECHELLE"},{"sNoPointLivraison":"079111","iIdProduit":74284,"iIdSupport":4,"iIdFonctionnalite":10300,"iIdZone":10302,"iIdSticker":1,"sTypeSticker":"MARQUE"},{"sNoPointLivraison":"079111","iIdProduit":74284,"iIdSupport":4,"iIdFonctionnalite":10300,"iIdZone":10302,"iIdSticker":2,"sTypeSticker":"QUALITE"},{"sNoPointLivraison":"079111","iIdProduit":74284,"iIdSupport":4,"iIdFonctionnalite":10300,"iIdZone":10303,"iIdSticker":5,"sTypeSticker":"AVIS_CLIENT"},{"sNoPointLivraison":"079111","iIdProduit":74284,"iIdSupport":4,"iIdFonctionnalite":10300,"iIdZone":10306,"iIdSticker":14,"sTypeSticker":"FRAICHEUR"},{"sNoPointLivraison":"079111","iIdProduit":74284,"iIdSupport":4,"iIdFonctionnalite":10300,"iIdZone":10306,"iIdSticker":9,"sTypeSticker":"ECHELLE"},{"sNoPointLivraison":"079111","iIdProduit":74284,"iIdSupport":4,"iIdFonctionnalite":10700,"iIdZone":10702,"iIdSticker":1,"sTypeSticker":"MARQUE"},{"sNoPointLivraison":"079111","iIdProduit":74284,"iIdSupport":4,"iIdFonctionnalite":10700,"iIdZone":10702,"iIdSticker":2,"sTypeSticker":"QUALITE"},{"sNoPointLivraison":"079111","iIdProduit":74284,"iIdSupport":4,"iIdFonctionnalite":10700,"iIdZone":10706,"iIdSticker":14,"sTypeSticker":"FRAICHEUR"},{"sNoPointLivraison":"079111","iIdProduit":74284,"iIdSupport":4,"iIdFonctionnalite":10700,"iIdZone":10706,"iIdSticker":9,"sTypeSticker":"ECHELLE"},{"sNoPointLivraison":"079111","iIdProduit":33218,"iIdSupport":4,"iIdFonctionnalite":10100,"iIdZone":10102,"iIdSticker":2,"sTypeSticker":"QUALITE"},{"sNoPointLivraison":"079111","iIdProduit":33218,"iIdSupport":4,"iIdFonctionnalite":10100,"iIdZone":10106,"iIdSticker":14,"sTypeSticker":"FRAICHEUR"},{"sNoPointLivraison":"079111","iIdProduit":33218,"iIdSupport":4,"iIdFonctionnalite":10200,"iIdZone":10202,"iIdSticker":2,"sTypeSticker":"QUALITE"},{"sNoPointLivraison":"079111","iIdProduit":33218,"iIdSupport":4,"iIdFonctionnalite":10200,"iIdZone":10203,"iIdSticker":21,"sTypeSticker":"AVIS_CLIENT"},{"sNoPointLivraison":"079111","iIdProduit":33218,"iIdSupport":4,"iIdFonctionnalite":10200,"iIdZone":10206,"iIdSticker":14,"sTypeSticker":"FRAICHEUR"},{"sNoPointLivraison":"079111","iIdProduit":33218,"iIdSupport":4,"iIdFonctionnalite":10200,"iIdZone":10207,"iIdSticker":23,"sTypeSticker":"NUTRISCORE"},{"sNoPointLivraison":"079111","iIdProduit":33218,"iIdSupport":4,"iIdFonctionnalite":10300,"iIdZone":10302,"iIdSticker":2,"sTypeSticker":"QUALITE"},{"sNoPointLivraison":"079111","iIdProduit":33218,"iIdSupport":4,"iIdFonctionnalite":10300,"iIdZone":10303,"iIdSticker":21,"sTypeSticker":"AVIS_CLIENT"},{"sNoPointLivraison":"079111","iIdProduit":33218,"iIdSupport":4,"iIdFonctionnalite":10300,"iIdZone":10306,"iIdSticker":14,"sTypeSticker":"FRAICHEUR"},{"sNoPointLivraison":"079111","iIdProduit":33218,"iIdSupport":4,"iIdFonctionnalite":10300,"iIdZone":10307,"iIdSticker":23,"sTypeSticker":"NUTRISCORE"},{"sNoPointLivraison":"079111","iIdProduit":33218,"iIdSupport":4,"iIdFonctionnalite":10700,"iIdZone":10702,"iIdSticker":2,"sTypeSticker":"QUALITE"},{"sNoPointLivraison":"079111","iIdProduit":33218,"iIdSupport":4,"iIdFonctionnalite":10700,"iIdZone":10706,"iIdSticker":14,"sTypeSticker":"FRAICHEUR"},{"sNoPointLivraison":"079111","iIdProduit":64014,"iIdSupport":4,"iIdFonctionnalite":10100,"iIdZone":10102,"iIdSticker":2,"sTypeSticker":"QUALITE"},{"sNoPointLivraison":"079111","iIdProduit":64014,"iIdSupport":4,"iIdFonctionnalite":10100,"iIdZone":10106,"iIdSticker":14,"sTypeSticker":"FRAICHEUR"},{"sNoPointLivraison":"079111","iIdProduit":64014,"iIdSupport":4,"iIdFonctionnalite":10200,"iIdZone":10202,"iIdSticker":2,"sTypeSticker":"QUALITE"},{"sNoPointLivraison":"079111","iIdProduit":64014,"iIdSupport":4,"iIdFonctionnalite":10200,"iIdZone":10203,"iIdSticker":8,"sTypeSticker":"AVIS_CLIENT"},{"sNoPointLivraison":"079111","iIdProduit":64014,"iIdSupport":4,"iIdFonctionnalite":10200,"iIdZone":10206,"iIdSticker":14,"sTypeSticker":"FRAICHEUR"},{"sNoPointLivraison":"079111","iIdProduit":64014,"iIdSupport":4,"iIdFonctionnalite":10200,"iIdZone":10207,"iIdSticker":23,"sTypeSticker":"NUTRISCORE"},{"sNoPointLivraison":"079111","iIdProduit":64014,"iIdSupport":4,"iIdFonctionnalite":10300,"iIdZone":10302,"iIdSticker":2,"sTypeSticker":"QUALITE"},{"sNoPointLivraison":"079111","iIdProduit":64014,"iIdSupport":4,"iIdFonctionnalite":10300,"iIdZone":10303,"iIdSticker":8,"sTypeSticker":"AVIS_CLIENT"},{"sNoPointLivraison":"079111","iIdProduit":64014,"iIdSupport":4,"iIdFonctionnalite":10300,"iIdZone":10306,"iIdSticker":14,"sTypeSticker":"FRAICHEUR"},{"sNoPointLivraison":"079111","iIdProduit":64014,"iIdSupport":4,"iIdFonctionnalite":10300,"iIdZone":10307,"iIdSticker":23,"sTypeSticker":"NUTRISCORE"},{"sNoPointLivraison":"079111","iIdProduit":64014,"iIdSupport":4,"iIdFonctionnalite":10700,"iIdZone":10702,"iIdSticker":2,"sTypeSticker":"QUALITE"},{"sNoPointLivraison":"079111","iIdProduit":64014,"iIdSupport":4,"iIdFonctionnalite":10700,"iIdZone":10706,"iIdSticker":14,"sTypeSticker":"FRAICHEUR"},{"sNoPointLivraison":"079111","iIdProduit":17937,"iIdSupport":4,"iIdFonctionnalite":10100,"iIdZone":10102,"iIdSticker":1,"sTypeSticker":"MARQUE"},{"sNoPointLivraison":"079111","iIdProduit":17937,"iIdSupport":4,"iIdFonctionnalite":10100,"iIdZone":10102,"iIdSticker":2,"sTypeSticker":"QUALITE"},{"sNoPointLivraison":"079111","iIdProduit":17937,"iIdSupport":4,"iIdFonctionnalite":10100,"iIdZone":10103,"iIdSticker":8,"sTypeSticker":"AVIS_CLIENT"},{"sNoPointLivraison":"079111","iIdProduit":17937,"iIdSupport":4,"iIdFonctionnalite":10100,"iIdZone":10106,"iIdSticker":31,"sTypeSticker":"ECHELLE"},{"sNoPointLivraison":"079111","iIdProduit":17937,"iIdSupport":4,"iIdFonctionnalite":10100,"iIdZone":10107,"iIdSticker":23,"sTypeSticker":"NUTRISCORE"},{"sNoPointLivraison":"079111","iIdProduit":17937,"iIdSupport":4,"iIdFonctionnalite":10200,"iIdZone":10202,"iIdSticker":1,"sTypeSticker":"MARQUE"},{"sNoPointLivraison":"079111","iIdProduit":17937,"iIdSupport":4,"iIdFonctionnalite":10200,"iIdZone":10202,"iIdSticker":2,"sTypeSticker":"QUALITE"},{"sNoPointLivraison":"079111","iIdProduit":17937,"iIdSupport":4,"iIdFonctionnalite":10200,"iIdZone":10203,"iIdSticker":8,"sTypeSticker":"AVIS_CLIENT"},{"sNoPointLivraison":"079111","iIdProduit":17937,"iIdSupport":4,"iIdFonctionnalite":10200,"iIdZone":10206,"iIdSticker":31,"sTypeSticker":"ECHELLE"},{"sNoPointLivraison":"079111","iIdProduit":17937,"iIdSupport":4,"iIdFonctionnalite":10200,"iIdZone":10207,"iIdSticker":23,"sTypeSticker":"NUTRISCORE"},{"sNoPointLivraison":"079111","iIdProduit":17937,"iIdSupport":4,"iIdFonctionnalite":10300,"iIdZone":10302,"iIdSticker":1,"sTypeSticker":"MARQUE"},{"sNoPointLivraison":"079111","iIdProduit":17937,"iIdSupport":4,"iIdFonctionnalite":10300,"iIdZone":10302,"iIdSticker":2,"sTypeSticker":"QUALITE"},{"sNoPointLivraison":"079111","iIdProduit":17937,"iIdSupport":4,"iIdFonctionnalite":10300,"iIdZone":10303,"iIdSticker":8,"sTypeSticker":"AVIS_CLIENT"},{"sNoPointLivraison":"079111","iIdProduit":17937,"iIdSupport":4,"iIdFonctionnalite":10300,"iIdZone":10306,"iIdSticker":31,"sTypeSticker":"ECHELLE"},{"sNoPointLivraison":"079111","iIdProduit":17937,"iIdSupport":4,"iIdFonctionnalite":10300,"iIdZone":10307,"iIdSticker":23,"sTypeSticker":"NUTRISCORE"},{"sNoPointLivraison":"079111","iIdProduit":17937,"iIdSupport":4,"iIdFonctionnalite":10700,"iIdZone":10702,"iIdSticker":1,"sTypeSticker":"MARQUE"},{"sNoPointLivraison":"079111","iIdProduit":17937,"iIdSupport":4,"iIdFonctionnalite":10700,"iIdZone":10702,"iIdSticker":2,"sTypeSticker":"QUALITE"},{"sNoPointLivraison":"079111","iIdProduit":17937,"iIdSupport":4,"iIdFonctionnalite":10700,"iIdZone":10703,"iIdSticker":8,"sTypeSticker":"AVIS_CLIENT"},{"sNoPointLivraison":"079111","iIdProduit":17937,"iIdSupport":4,"iIdFonctionnalite":10700,"iIdZone":10706,"iIdSticker":31,"sTypeSticker":"ECHELLE"},{"sNoPointLivraison":"079111","iIdProduit":17937,"iIdSupport":4,"iIdFonctionnalite":10700,"iIdZone":10707,"iIdSticker":23,"sTypeSticker":"NUTRISCORE"},{"sNoPointLivraison":"079111","iIdProduit":67901,"iIdSupport":4,"iIdFonctionnalite":10100,"iIdZone":10102,"iIdSticker":2,"sTypeSticker":"QUALITE"},{"sNoPointLivraison":"079111","iIdProduit":67901,"iIdSupport":4,"iIdFonctionnalite":10100,"iIdZone":10106,"iIdSticker":32,"sTypeSticker":"ECHELLE"},{"sNoPointLivraison":"079111","iIdProduit":67901,"iIdSupport":4,"iIdFonctionnalite":10200,"iIdZone":10202,"iIdSticker":2,"sTypeSticker":"QUALITE"},{"sNoPointLivraison":"079111","iIdProduit":67901,"iIdSupport":4,"iIdFonctionnalite":10200,"iIdZone":10203,"iIdSticker":21,"sTypeSticker":"AVIS_CLIENT"},{"sNoPointLivraison":"079111","iIdProduit":67901,"iIdSupport":4,"iIdFonctionnalite":10200,"iIdZone":10206,"iIdSticker":32,"sTypeSticker":"ECHELLE"},{"sNoPointLivraison":"079111","iIdProduit":67901,"iIdSupport":4,"iIdFonctionnalite":10200,"iIdZone":10207,"iIdSticker":33,"sTypeSticker":"NUTRISCORE"},{"sNoPointLivraison":"079111","iIdProduit":67901,"iIdSupport":4,"iIdFonctionnalite":10300,"iIdZone":10302,"iIdSticker":2,"sTypeSticker":"QUALITE"},{"sNoPointLivraison":"079111","iIdProduit":67901,"iIdSupport":4,"iIdFonctionnalite":10300,"iIdZone":10303,"iIdSticker":21,"sTypeSticker":"AVIS_CLIENT"},{"sNoPointLivraison":"079111","iIdProduit":67901,"iIdSupport":4,"iIdFonctionnalite":10300,"iIdZone":10306,"iIdSticker":32,"sTypeSticker":"ECHELLE"},{"sNoPointLivraison":"079111","iIdProduit":67901,"iIdSupport":4,"iIdFonctionnalite":10300,"iIdZone":10307,"iIdSticker":33,"sTypeSticker":"NUTRISCORE"},{"sNoPointLivraison":"079111","iIdProduit":67901,"iIdSupport":4,"iIdFonctionnalite":10700,"iIdZone":10702,"iIdSticker":2,"sTypeSticker":"QUALITE"},{"sNoPointLivraison":"079111","iIdProduit":67901,"iIdSupport":4,"iIdFonctionnalite":10700,"iIdZone":10706,"iIdSticker":32,"sTypeSticker":"ECHELLE"},{"sNoPointLivraison":"079111","iIdProduit":33962,"iIdSupport":4,"iIdFonctionnalite":10100,"iIdZone":10102,"iIdSticker":1,"sTypeSticker":"MARQUE"},{"sNoPointLivraison":"079111","iIdProduit":33962,"iIdSupport":4,"iIdFonctionnalite":10100,"iIdZone":10102,"iIdSticker":2,"sTypeSticker":"QUALITE"},{"sNoPointLivraison":"079111","iIdProduit":33962,"iIdSupport":4,"iIdFonctionnalite":10100,"iIdZone":10103,"iIdSticker":8,"sTypeSticker":"AVIS_CLIENT"},{"sNoPointLivraison":"079111","iIdProduit":33962,"iIdSupport":4,"iIdFonctionnalite":10100,"iIdZone":10106,"iIdSticker":31,"sTypeSticker":"ECHELLE"},{"sNoPointLivraison":"079111","iIdProduit":33962,"iIdSupport":4,"iIdFonctionnalite":10100,"iIdZone":10107,"iIdSticker":34,"sTypeSticker":"NUTRISCORE"},{"sNoPointLivraison":"079111","iIdProduit":33962,"iIdSupport":4,"iIdFonctionnalite":10200,"iIdZone":10202,"iIdSticker":1,"sTypeSticker":"MARQUE"},{"sNoPointLivraison":"079111","iIdProduit":33962,"iIdSupport":4,"iIdFonctionnalite":10200,"iIdZone":10202,"iIdSticker":2,"sTypeSticker":"QUALITE"},{"sNoPointLivraison":"079111","iIdProduit":33962,"iIdSupport":4,"iIdFonctionnalite":10200,"iIdZone":10203,"iIdSticker":8,"sTypeSticker":"AVIS_CLIENT"},{"sNoPointLivraison":"079111","iIdProduit":33962,"iIdSupport":4,"iIdFonctionnalite":10200,"iIdZone":10206,"iIdSticker":31,"sTypeSticker":"ECHELLE"},{"sNoPointLivraison":"079111","iIdProduit":33962,"iIdSupport":4,"iIdFonctionnalite":10200,"iIdZone":10207,"iIdSticker":34,"sTypeSticker":"NUTRISCORE"},{"sNoPointLivraison":"079111","iIdProduit":33962,"iIdSupport":4,"iIdFonctionnalite":10300,"iIdZone":10302,"iIdSticker":1,"sTypeSticker":"MARQUE"},{"sNoPointLivraison":"079111","iIdProduit":33962,"iIdSupport":4,"iIdFonctionnalite":10300,"iIdZone":10302,"iIdSticker":2,"sTypeSticker":"QUALITE"},{"sNoPointLivraison":"079111","iIdProduit":33962,"iIdSupport":4,"iIdFonctionnalite":10300,"iIdZone":10303,"iIdSticker":8,"sTypeSticker":"AVIS_CLIENT"},{"sNoPointLivraison":"079111","iIdProduit":33962,"iIdSupport":4,"iIdFonctionnalite":10300,"iIdZone":10306,"iIdSticker":31,"sTypeSticker":"ECHELLE"},{"sNoPointLivraison":"079111","iIdProduit":33962,"iIdSupport":4,"iIdFonctionnalite":10300,"iIdZone":10307,"iIdSticker":34,"sTypeSticker":"NUTRISCORE"},{"sNoPointLivraison":"079111","iIdProduit":33962,"iIdSupport":4,"iIdFonctionnalite":10700,"iIdZone":10702,"iIdSticker":1,"sTypeSticker":"MARQUE"},{"sNoPointLivraison":"079111","iIdProduit":33962,"iIdSupport":4,"iIdFonctionnalite":10700,"iIdZone":10702,"iIdSticker":2,"sTypeSticker":"QUALITE"},{"sNoPointLivraison":"079111","iIdProduit":33962,"iIdSupport":4,"iIdFonctionnalite":10700,"iIdZone":10703,"iIdSticker":8,"sTypeSticker":"AVIS_CLIENT"},{"sNoPointLivraison":"079111","iIdProduit":33962,"iIdSupport":4,"iIdFonctionnalite":10700,"iIdZone":10706,"iIdSticker":31,"sTypeSticker":"ECHELLE"},{"sNoPointLivraison":"079111","iIdProduit":33962,"iIdSupport":4,"iIdFonctionnalite":10700,"iIdZone":10707,"iIdSticker":34,"sTypeSticker":"NUTRISCORE"},{"sNoPointLivraison":"079111","iIdProduit":33979,"iIdSupport":4,"iIdFonctionnalite":10100,"iIdZone":10102,"iIdSticker":1,"sTypeSticker":"MARQUE"},{"sNoPointLivraison":"079111","iIdProduit":33979,"iIdSupport":4,"iIdFonctionnalite":10100,"iIdZone":10102,"iIdSticker":2,"sTypeSticker":"QUALITE"},{"sNoPointLivraison":"079111","iIdProduit":33979,"iIdSupport":4,"iIdFonctionnalite":10100,"iIdZone":10106,"iIdSticker":31,"sTypeSticker":"ECHELLE"},{"sNoPointLivraison":"079111","iIdProduit":33979,"iIdSupport":4,"iIdFonctionnalite":10200,"iIdZone":10202,"iIdSticker":1,"sTypeSticker":"MARQUE"},{"sNoPointLivraison":"079111","iIdProduit":33979,"iIdSupport":4,"iIdFonctionnalite":10200,"iIdZone":10202,"iIdSticker":2,"sTypeSticker":"QUALITE"},{"sNoPointLivraison":"079111","iIdProduit":33979,"iIdSupport":4,"iIdFonctionnalite":10200,"iIdZone":10203,"iIdSticker":19,"sTypeSticker":"AVIS_CLIENT"},{"sNoPointLivraison":"079111","iIdProduit":33979,"iIdSupport":4,"iIdFonctionnalite":10200,"iIdZone":10206,"iIdSticker":31,"sTypeSticker":"ECHELLE"},{"sNoPointLivraison":"079111","iIdProduit":33979,"iIdSupport":4,"iIdFonctionnalite":10200,"iIdZone":10207,"iIdSticker":35,"sTypeSticker":"NUTRISCORE"},{"sNoPointLivraison":"079111","iIdProduit":33979,"iIdSupport":4,"iIdFonctionnalite":10300,"iIdZone":10302,"iIdSticker":1,"sTypeSticker":"MARQUE"},{"sNoPointLivraison":"079111","iIdProduit":33979,"iIdSupport":4,"iIdFonctionnalite":10300,"iIdZone":10302,"iIdSticker":2,"sTypeSticker":"QUALITE"},{"sNoPointLivraison":"079111","iIdProduit":33979,"iIdSupport":4,"iIdFonctionnalite":10300,"iIdZone":10303,"iIdSticker":19,"sTypeSticker":"AVIS_CLIENT"},{"sNoPointLivraison":"079111","iIdProduit":33979,"iIdSupport":4,"iIdFonctionnalite":10300,"iIdZone":10306,"iIdSticker":31,"sTypeSticker":"ECHELLE"},{"sNoPointLivraison":"079111","iIdProduit":33979,"iIdSupport":4,"iIdFonctionnalite":10300,"iIdZone":10307,"iIdSticker":35,"sTypeSticker":"NUTRISCORE"},{"sNoPointLivraison":"079111","iIdProduit":33979,"iIdSupport":4,"iIdFonctionnalite":10700,"iIdZone":10702,"iIdSticker":1,"sTypeSticker":"MARQUE"},{"sNoPointLivraison":"079111","iIdProduit":33979,"iIdSupport":4,"iIdFonctionnalite":10700,"iIdZone":10702,"iIdSticker":2,"sTypeSticker":"QUALITE"},{"sNoPointLivraison":"079111","iIdProduit":33979,"iIdSupport":4,"iIdFonctionnalite":10700,"iIdZone":10706,"iIdSticker":31,"sTypeSticker":"ECHELLE"},{"sNoPointLivraison":"079111","iIdProduit":33929,"iIdSupport":4,"iIdFonctionnalite":10100,"iIdZone":10102,"iIdSticker":1,"sTypeSticker":"MARQUE"},{"sNoPointLivraison":"079111","iIdProduit":33929,"iIdSupport":4,"iIdFonctionnalite":10100,"iIdZone":10102,"iIdSticker":2,"sTypeSticker":"QUALITE"},{"sNoPointLivraison":"079111","iIdProduit":33929,"iIdSupport":4,"iIdFonctionnalite":10100,"iIdZone":10103,"iIdSticker":19,"sTypeSticker":"AVIS_CLIENT"},{"sNoPointLivraison":"079111","iIdProduit":33929,"iIdSupport":4,"iIdFonctionnalite":10100,"iIdZone":10106,"iIdSticker":31,"sTypeSticker":"ECHELLE"},{"sNoPointLivraison":"079111","iIdProduit":33929,"iIdSupport":4,"iIdFonctionnalite":10100,"iIdZone":10107,"iIdSticker":23,"sTypeSticker":"NUTRISCORE"},{"sNoPointLivraison":"079111","iIdProduit":33929,"iIdSupport":4,"iIdFonctionnalite":10200,"iIdZone":10202,"iIdSticker":1,"sTypeSticker":"MARQUE"},{"sNoPointLivraison":"079111","iIdProduit":33929,"iIdSupport":4,"iIdFonctionnalite":10200,"iIdZone":10202,"iIdSticker":2,"sTypeSticker":"QUALITE"},{"sNoPointLivraison":"079111","iIdProduit":33929,"iIdSupport":4,"iIdFonctionnalite":10200,"iIdZone":10203,"iIdSticker":19,"sTypeSticker":"AVIS_CLIENT"},{"sNoPointLivraison":"079111","iIdProduit":33929,"iIdSupport":4,"iIdFonctionnalite":10200,"iIdZone":10206,"iIdSticker":31,"sTypeSticker":"ECHELLE"},{"sNoPointLivraison":"079111","iIdProduit":33929,"iIdSupport":4,"iIdFonctionnalite":10200,"iIdZone":10207,"iIdSticker":23,"sTypeSticker":"NUTRISCORE"},{"sNoPointLivraison":"079111","iIdProduit":33929,"iIdSupport":4,"iIdFonctionnalite":10300,"iIdZone":10302,"iIdSticker":1,"sTypeSticker":"MARQUE"},{"sNoPointLivraison":"079111","iIdProduit":33929,"iIdSupport":4,"iIdFonctionnalite":10300,"iIdZone":10302,"iIdSticker":2,"sTypeSticker":"QUALITE"},{"sNoPointLivraison":"079111","iIdProduit":33929,"iIdSupport":4,"iIdFonctionnalite":10300,"iIdZone":10303,"iIdSticker":19,"sTypeSticker":"AVIS_CLIENT"},{"sNoPointLivraison":"079111","iIdProduit":33929,"iIdSupport":4,"iIdFonctionnalite":10300,"iIdZone":10306,"iIdSticker":31,"sTypeSticker":"ECHELLE"},{"sNoPointLivraison":"079111","iIdProduit":33929,"iIdSupport":4,"iIdFonctionnalite":10300,"iIdZone":10307,"iIdSticker":23,"sTypeSticker":"NUTRISCORE"},{"sNoPointLivraison":"079111","iIdProduit":33929,"iIdSupport":4,"iIdFonctionnalite":10700,"iIdZone":10702,"iIdSticker":1,"sTypeSticker":"MARQUE"},{"sNoPointLivraison":"079111","iIdProduit":33929,"iIdSupport":4,"iIdFonctionnalite":10700,"iIdZone":10702,"iIdSticker":2,"sTypeSticker":"QUALITE"},{"sNoPointLivraison":"079111","iIdProduit":33929,"iIdSupport":4,"iIdFonctionnalite":10700,"iIdZone":10703,"iIdSticker":19,"sTypeSticker":"AVIS_CLIENT"},{"sNoPointLivraison":"079111","iIdProduit":33929,"iIdSupport":4,"iIdFonctionnalite":10700,"iIdZone":10706,"iIdSticker":31,"sTypeSticker":"ECHELLE"},{"sNoPointLivraison":"079111","iIdProduit":33929,"iIdSupport":4,"iIdFonctionnalite":10700,"iIdZone":10707,"iIdSticker":23,"sTypeSticker":"NUTRISCORE"},{"sNoPointLivraison":"079111","iIdProduit":80230,"iIdSupport":4,"iIdFonctionnalite":10100,"iIdZone":10102,"iIdSticker":1,"sTypeSticker":"MARQUE"},{"sNoPointLivraison":"079111","iIdProduit":80230,"iIdSupport":4,"iIdFonctionnalite":10100,"iIdZone":10102,"iIdSticker":2,"sTypeSticker":"QUALITE"},{"sNoPointLivraison":"079111","iIdProduit":80230,"iIdSupport":4,"iIdFonctionnalite":10100,"iIdZone":10106,"iIdSticker":32,"sTypeSticker":"ECHELLE"},{"sNoPointLivraison":"079111","iIdProduit":80230,"iIdSupport":4,"iIdFonctionnalite":10200,"iIdZone":10202,"iIdSticker":1,"sTypeSticker":"MARQUE"},{"sNoPointLivraison":"079111","iIdProduit":80230,"iIdSupport":4,"iIdFonctionnalite":10200,"iIdZone":10202,"iIdSticker":2,"sTypeSticker":"QUALITE"},{"sNoPointLivraison":"079111","iIdProduit":80230,"iIdSupport":4,"iIdFonctionnalite":10200,"iIdZone":10203,"iIdSticker":28,"sTypeSticker":"AVIS_CLIENT"},{"sNoPointLivraison":"079111","iIdProduit":80230,"iIdSupport":4,"iIdFonctionnalite":10200,"iIdZone":10206,"iIdSticker":32,"sTypeSticker":"ECHELLE"},{"sNoPointLivraison":"079111","iIdProduit":80230,"iIdSupport":4,"iIdFonctionnalite":10200,"iIdZone":10207,"iIdSticker":36,"sTypeSticker":"NUTRISCORE"},{"sNoPointLivraison":"079111","iIdProduit":80230,"iIdSupport":4,"iIdFonctionnalite":10300,"iIdZone":10302,"iIdSticker":1,"sTypeSticker":"MARQUE"},{"sNoPointLivraison":"079111","iIdProduit":80230,"iIdSupport":4,"iIdFonctionnalite":10300,"iIdZone":10302,"iIdSticker":2,"sTypeSticker":"QUALITE"},{"sNoPointLivraison":"079111","iIdProduit":80230,"iIdSupport":4,"iIdFonctionnalite":10300,"iIdZone":10303,"iIdSticker":28,"sTypeSticker":"AVIS_CLIENT"},{"sNoPointLivraison":"079111","iIdProduit":80230,"iIdSupport":4,"iIdFonctionnalite":10300,"iIdZone":10306,"iIdSticker":32,"sTypeSticker":"ECHELLE"},{"sNoPointLivraison":"079111","iIdProduit":80230,"iIdSupport":4,"iIdFonctionnalite":10300,"iIdZone":10307,"iIdSticker":36,"sTypeSticker":"NUTRISCORE"},{"sNoPointLivraison":"079111","iIdProduit":80230,"iIdSupport":4,"iIdFonctionnalite":10700,"iIdZone":10702,"iIdSticker":1,"sTypeSticker":"MARQUE"},{"sNoPointLivraison":"079111","iIdProduit":80230,"iIdSupport":4,"iIdFonctionnalite":10700,"iIdZone":10702,"iIdSticker":2,"sTypeSticker":"QUALITE"},{"sNoPointLivraison":"079111","iIdProduit":80230,"iIdSupport":4,"iIdFonctionnalite":10700,"iIdZone":10706,"iIdSticker":32,"sTypeSticker":"ECHELLE"},{"sNoPointLivraison":"079111","iIdProduit":80229,"iIdSupport":4,"iIdFonctionnalite":10100,"iIdZone":10102,"iIdSticker":1,"sTypeSticker":"MARQUE"},{"sNoPointLivraison":"079111","iIdProduit":80229,"iIdSupport":4,"iIdFonctionnalite":10100,"iIdZone":10102,"iIdSticker":2,"sTypeSticker":"QUALITE"},{"sNoPointLivraison":"079111","iIdProduit":80229,"iIdSupport":4,"iIdFonctionnalite":10100,"iIdZone":10103,"iIdSticker":20,"sTypeSticker":"AVIS_CLIENT"},{"sNoPointLivraison":"079111","iIdProduit":80229,"iIdSupport":4,"iIdFonctionnalite":10100,"iIdZone":10106,"iIdSticker":32,"sTypeSticker":"ECHELLE"},{"sNoPointLivraison":"079111","iIdProduit":80229,"iIdSupport":4,"iIdFonctionnalite":10100,"iIdZone":10107,"iIdSticker":34,"sTypeSticker":"NUTRISCORE"},{"sNoPointLivraison":"079111","iIdProduit":80229,"iIdSupport":4,"iIdFonctionnalite":10200,"iIdZone":10202,"iIdSticker":1,"sTypeSticker":"MARQUE"},{"sNoPointLivraison":"079111","iIdProduit":80229,"iIdSupport":4,"iIdFonctionnalite":10200,"iIdZone":10202,"iIdSticker":2,"sTypeSticker":"QUALITE"},{"sNoPointLivraison":"079111","iIdProduit":80229,"iIdSupport":4,"iIdFonctionnalite":10200,"iIdZone":10203,"iIdSticker":20,"sTypeSticker":"AVIS_CLIENT"},{"sNoPointLivraison":"079111","iIdProduit":80229,"iIdSupport":4,"iIdFonctionnalite":10200,"iIdZone":10206,"iIdSticker":32,"sTypeSticker":"ECHELLE"},{"sNoPointLivraison":"079111","iIdProduit":80229,"iIdSupport":4,"iIdFonctionnalite":10200,"iIdZone":10207,"iIdSticker":34,"sTypeSticker":"NUTRISCORE"},{"sNoPointLivraison":"079111","iIdProduit":80229,"iIdSupport":4,"iIdFonctionnalite":10300,"iIdZone":10302,"iIdSticker":1,"sTypeSticker":"MARQUE"},{"sNoPointLivraison":"079111","iIdProduit":80229,"iIdSupport":4,"iIdFonctionnalite":10300,"iIdZone":10302,"iIdSticker":2,"sTypeSticker":"QUALITE"},{"sNoPointLivraison":"079111","iIdProduit":80229,"iIdSupport":4,"iIdFonctionnalite":10300,"iIdZone":10303,"iIdSticker":20,"sTypeSticker":"AVIS_CLIENT"},{"sNoPointLivraison":"079111","iIdProduit":80229,"iIdSupport":4,"iIdFonctionnalite":10300,"iIdZone":10306,"iIdSticker":32,"sTypeSticker":"ECHELLE"},{"sNoPointLivraison":"079111","iIdProduit":80229,"iIdSupport":4,"iIdFonctionnalite":10300,"iIdZone":10307,"iIdSticker":34,"sTypeSticker":"NUTRISCORE"},{"sNoPointLivraison":"079111","iIdProduit":80229,"iIdSupport":4,"iIdFonctionnalite":10700,"iIdZone":10702,"iIdSticker":1,"sTypeSticker":"MARQUE"},{"sNoPointLivraison":"079111","iIdProduit":80229,"iIdSupport":4,"iIdFonctionnalite":10700,"iIdZone":10702,"iIdSticker":2,"sTypeSticker":"QUALITE"},{"sNoPointLivraison":"079111","iIdProduit":80229,"iIdSupport":4,"iIdFonctionnalite":10700,"iIdZone":10703,"iIdSticker":20,"sTypeSticker":"AVIS_CLIENT"},{"sNoPointLivraison":"079111","iIdProduit":80229,"iIdSupport":4,"iIdFonctionnalite":10700,"iIdZone":10706,"iIdSticker":32,"sTypeSticker":"ECHELLE"},{"sNoPointLivraison":"079111","iIdProduit":80229,"iIdSupport":4,"iIdFonctionnalite":10700,"iIdZone":10707,"iIdSticker":34,"sTypeSticker":"NUTRISCORE"},{"sNoPointLivraison":"079111","iIdProduit":80231,"iIdSupport":4,"iIdFonctionnalite":10100,"iIdZone":10102,"iIdSticker":1,"sTypeSticker":"MARQUE"},{"sNoPointLivraison":"079111","iIdProduit":80231,"iIdSupport":4,"iIdFonctionnalite":10100,"iIdZone":10102,"iIdSticker":2,"sTypeSticker":"QUALITE"},{"sNoPointLivraison":"079111","iIdProduit":80231,"iIdSupport":4,"iIdFonctionnalite":10100,"iIdZone":10103,"iIdSticker":20,"sTypeSticker":"AVIS_CLIENT"},{"sNoPointLivraison":"079111","iIdProduit":80231,"iIdSupport":4,"iIdFonctionnalite":10100,"iIdZone":10106,"iIdSticker":32,"sTypeSticker":"ECHELLE"},{"sNoPointLivraison":"079111","iIdProduit":80231,"iIdSupport":4,"iIdFonctionnalite":10100,"iIdZone":10107,"iIdSticker":35,"sTypeSticker":"NUTRISCORE"},{"sNoPointLivraison":"079111","iIdProduit":80231,"iIdSupport":4,"iIdFonctionnalite":10200,"iIdZone":10202,"iIdSticker":1,"sTypeSticker":"MARQUE"},{"sNoPointLivraison":"079111","iIdProduit":80231,"iIdSupport":4,"iIdFonctionnalite":10200,"iIdZone":10202,"iIdSticker":2,"sTypeSticker":"QUALITE"},{"sNoPointLivraison":"079111","iIdProduit":80231,"iIdSupport":4,"iIdFonctionnalite":10200,"iIdZone":10203,"iIdSticker":20,"sTypeSticker":"AVIS_CLIENT"},{"sNoPointLivraison":"079111","iIdProduit":80231,"iIdSupport":4,"iIdFonctionnalite":10200,"iIdZone":10206,"iIdSticker":32,"sTypeSticker":"ECHELLE"},{"sNoPointLivraison":"079111","iIdProduit":80231,"iIdSupport":4,"iIdFonctionnalite":10200,"iIdZone":10207,"iIdSticker":35,"sTypeSticker":"NUTRISCORE"},{"sNoPointLivraison":"079111","iIdProduit":80231,"iIdSupport":4,"iIdFonctionnalite":10300,"iIdZone":10302,"iIdSticker":1,"sTypeSticker":"MARQUE"},{"sNoPointLivraison":"079111","iIdProduit":80231,"iIdSupport":4,"iIdFonctionnalite":10300,"iIdZone":10302,"iIdSticker":2,"sTypeSticker":"QUALITE"},{"sNoPointLivraison":"079111","iIdProduit":80231,"iIdSupport":4,"iIdFonctionnalite":10300,"iIdZone":10303,"iIdSticker":20,"sTypeSticker":"AVIS_CLIENT"},{"sNoPointLivraison":"079111","iIdProduit":80231,"iIdSupport":4,"iIdFonctionnalite":10300,"iIdZone":10306,"iIdSticker":32,"sTypeSticker":"ECHELLE"},{"sNoPointLivraison":"079111","iIdProduit":80231,"iIdSupport":4,"iIdFonctionnalite":10300,"iIdZone":10307,"iIdSticker":35,"sTypeSticker":"NUTRISCORE"},{"sNoPointLivraison":"079111","iIdProduit":80231,"iIdSupport":4,"iIdFonctionnalite":10700,"iIdZone":10702,"iIdSticker":1,"sTypeSticker":"MARQUE"},{"sNoPointLivraison":"079111","iIdProduit":80231,"iIdSupport":4,"iIdFonctionnalite":10700,"iIdZone":10702,"iIdSticker":2,"sTypeSticker":"QUALITE"},{"sNoPointLivraison":"079111","iIdProduit":80231,"iIdSupport":4,"iIdFonctionnalite":10700,"iIdZone":10703,"iIdSticker":20,"sTypeSticker":"AVIS_CLIENT"},{"sNoPointLivraison":"079111","iIdProduit":80231,"iIdSupport":4,"iIdFonctionnalite":10700,"iIdZone":10706,"iIdSticker":32,"sTypeSticker":"ECHELLE"},{"sNoPointLivraison":"079111","iIdProduit":80231,"iIdSupport":4,"iIdFonctionnalite":10700,"iIdZone":10707,"iIdSticker":35,"sTypeSticker":"NUTRISCORE"},{"sNoPointLivraison":"079111","iIdProduit":11335,"iIdSupport":4,"iIdFonctionnalite":10100,"iIdZone":10102,"iIdSticker":2,"sTypeSticker":"QUALITE"},{"sNoPointLivraison":"079111","iIdProduit":11335,"iIdSupport":4,"iIdFonctionnalite":10100,"iIdZone":10106,"iIdSticker":14,"sTypeSticker":"FRAICHEUR"},{"sNoPointLivraison":"079111","iIdProduit":11335,"iIdSupport":4,"iIdFonctionnalite":10100,"iIdZone":10106,"iIdSticker":32,"sTypeSticker":"ECHELLE"},{"sNoPointLivraison":"079111","iIdProduit":11335,"iIdSupport":4,"iIdFonctionnalite":10100,"iIdZone":10107,"iIdSticker":23,"sTypeSticker":"NUTRISCORE"},{"sNoPointLivraison":"079111","iIdProduit":11335,"iIdSupport":4,"iIdFonctionnalite":10200,"iIdZone":10202,"iIdSticker":2,"sTypeSticker":"QUALITE"},{"sNoPointLivraison":"079111","iIdProduit":11335,"iIdSupport":4,"iIdFonctionnalite":10200,"iIdZone":10206,"iIdSticker":14,"sTypeSticker":"FRAICHEUR"},{"sNoPointLivraison":"079111","iIdProduit":11335,"iIdSupport":4,"iIdFonctionnalite":10200,"iIdZone":10206,"iIdSticker":32,"sTypeSticker":"ECHELLE"},{"sNoPointLivraison":"079111","iIdProduit":11335,"iIdSupport":4,"iIdFonctionnalite":10200,"iIdZone":10207,"iIdSticker":23,"sTypeSticker":"NUTRISCORE"},{"sNoPointLivraison":"079111","iIdProduit":11335,"iIdSupport":4,"iIdFonctionnalite":10300,"iIdZone":10302,"iIdSticker":2,"sTypeSticker":"QUALITE"},{"sNoPointLivraison":"079111","iIdProduit":11335,"iIdSupport":4,"iIdFonctionnalite":10300,"iIdZone":10306,"iIdSticker":14,"sTypeSticker":"FRAICHEUR"},{"sNoPointLivraison":"079111","iIdProduit":11335,"iIdSupport":4,"iIdFonctionnalite":10300,"iIdZone":10306,"iIdSticker":32,"sTypeSticker":"ECHELLE"},{"sNoPointLivraison":"079111","iIdProduit":11335,"iIdSupport":4,"iIdFonctionnalite":10300,"iIdZone":10307,"iIdSticker":23,"sTypeSticker":"NUTRISCORE"},{"sNoPointLivraison":"079111","iIdProduit":11335,"iIdSupport":4,"iIdFonctionnalite":10700,"iIdZone":10702,"iIdSticker":2,"sTypeSticker":"QUALITE"},{"sNoPointLivraison":"079111","iIdProduit":11335,"iIdSupport":4,"iIdFonctionnalite":10700,"iIdZone":10706,"iIdSticker":14,"sTypeSticker":"FRAICHEUR"},{"sNoPointLivraison":"079111","iIdProduit":11335,"iIdSupport":4,"iIdFonctionnalite":10700,"iIdZone":10706,"iIdSticker":32,"sTypeSticker":"ECHELLE"},{"sNoPointLivraison":"079111","iIdProduit":11335,"iIdSupport":4,"iIdFonctionnalite":10700,"iIdZone":10707,"iIdSticker":23,"sTypeSticker":"NUTRISCORE"},{"sNoPointLivraison":"079111","iIdProduit":166405,"iIdSupport":4,"iIdFonctionnalite":10100,"iIdZone":10102,"iIdSticker":1,"sTypeSticker":"MARQUE"},{"sNoPointLivraison":"079111","iIdProduit":166405,"iIdSupport":4,"iIdFonctionnalite":10100,"iIdZone":10102,"iIdSticker":2,"sTypeSticker":"QUALITE"},{"sNoPointLivraison":"079111","iIdProduit":166405,"iIdSupport":4,"iIdFonctionnalite":10100,"iIdZone":10106,"iIdSticker":4,"sTypeSticker":"ECHELLE"},{"sNoPointLivraison":"079111","iIdProduit":166405,"iIdSupport":4,"iIdFonctionnalite":10200,"iIdZone":10202,"iIdSticker":1,"sTypeSticker":"MARQUE"},{"sNoPointLivraison":"079111","iIdProduit":166405,"iIdSupport":4,"iIdFonctionnalite":10200,"iIdZone":10202,"iIdSticker":2,"sTypeSticker":"QUALITE"},{"sNoPointLivraison":"079111","iIdProduit":166405,"iIdSupport":4,"iIdFonctionnalite":10200,"iIdZone":10203,"iIdSticker":8,"sTypeSticker":"AVIS_CLIENT"},{"sNoPointLivraison":"079111","iIdProduit":166405,"iIdSupport":4,"iIdFonctionnalite":10200,"iIdZone":10206,"iIdSticker":4,"sTypeSticker":"ECHELLE"},{"sNoPointLivraison":"079111","iIdProduit":166405,"iIdSupport":4,"iIdFonctionnalite":10300,"iIdZone":10302,"iIdSticker":1,"sTypeSticker":"MARQUE"},{"sNoPointLivraison":"079111","iIdProduit":166405,"iIdSupport":4,"iIdFonctionnalite":10300,"iIdZone":10302,"iIdSticker":2,"sTypeSticker":"QUALITE"},{"sNoPointLivraison":"079111","iIdProduit":166405,"iIdSupport":4,"iIdFonctionnalite":10300,"iIdZone":10303,"iIdSticker":8,"sTypeSticker":"AVIS_CLIENT"},{"sNoPointLivraison":"079111","iIdProduit":166405,"iIdSupport":4,"iIdFonctionnalite":10300,"iIdZone":10306,"iIdSticker":4,"sTypeSticker":"ECHELLE"},{"sNoPointLivraison":"079111","iIdProduit":166405,"iIdSupport":4,"iIdFonctionnalite":10700,"iIdZone":10702,"iIdSticker":1,"sTypeSticker":"MARQUE"},{"sNoPointLivraison":"079111","iIdProduit":166405,"iIdSupport":4,"iIdFonctionnalite":10700,"iIdZone":10702,"iIdSticker":2,"sTypeSticker":"QUALITE"},{"sNoPointLivraison":"079111","iIdProduit":166405,"iIdSupport":4,"iIdFonctionnalite":10700,"iIdZone":10706,"iIdSticker":4,"sTypeSticker":"ECHELLE"},{"sNoPointLivraison":"079111","iIdProduit":96934,"iIdSupport":4,"iIdFonctionnalite":10100,"iIdZone":10102,"iIdSticker":1,"sTypeSticker":"MARQUE"},{"sNoPointLivraison":"079111","iIdProduit":96934,"iIdSupport":4,"iIdFonctionnalite":10100,"iIdZone":10102,"iIdSticker":2,"sTypeSticker":"QUALITE"},{"sNoPointLivraison":"079111","iIdProduit":96934,"iIdSupport":4,"iIdFonctionnalite":10100,"iIdZone":10103,"iIdSticker":17,"sTypeSticker":"AVIS_CLIENT"},{"sNoPointLivraison":"079111","iIdProduit":96934,"iIdSupport":4,"iIdFonctionnalite":10100,"iIdZone":10106,"iIdSticker":14,"sTypeSticker":"FRAICHEUR"},{"sNoPointLivraison":"079111","iIdProduit":96934,"iIdSupport":4,"iIdFonctionnalite":10100,"iIdZone":10106,"iIdSticker":37,"sTypeSticker":"ECHELLE"},{"sNoPointLivraison":"079111","iIdProduit":96934,"iIdSupport":4,"iIdFonctionnalite":10100,"iIdZone":10107,"iIdSticker":36,"sTypeSticker":"NUTRISCORE"},{"sNoPointLivraison":"079111","iIdProduit":96934,"iIdSupport":4,"iIdFonctionnalite":10200,"iIdZone":10202,"iIdSticker":1,"sTypeSticker":"MARQUE"},{"sNoPointLivraison":"079111","iIdProduit":96934,"iIdSupport":4,"iIdFonctionnalite":10200,"iIdZone":10202,"iIdSticker":2,"sTypeSticker":"QUALITE"},{"sNoPointLivraison":"079111","iIdProduit":96934,"iIdSupport":4,"iIdFonctionnalite":10200,"iIdZone":10203,"iIdSticker":17,"sTypeSticker":"AVIS_CLIENT"},{"sNoPointLivraison":"079111","iIdProduit":96934,"iIdSupport":4,"iIdFonctionnalite":10200,"iIdZone":10206,"iIdSticker":14,"sTypeSticker":"FRAICHEUR"},{"sNoPointLivraison":"079111","iIdProduit":96934,"iIdSupport":4,"iIdFonctionnalite":10200,"iIdZone":10206,"iIdSticker":37,"sTypeSticker":"ECHELLE"},{"sNoPointLivraison":"079111","iIdProduit":96934,"iIdSupport":4,"iIdFonctionnalite":10200,"iIdZone":10207,"iIdSticker":36,"sTypeSticker":"NUTRISCORE"},{"sNoPointLivraison":"079111","iIdProduit":96934,"iIdSupport":4,"iIdFonctionnalite":10300,"iIdZone":10302,"iIdSticker":1,"sTypeSticker":"MARQUE"},{"sNoPointLivraison":"079111","iIdProduit":96934,"iIdSupport":4,"iIdFonctionnalite":10300,"iIdZone":10302,"iIdSticker":2,"sTypeSticker":"QUALITE"},{"sNoPointLivraison":"079111","iIdProduit":96934,"iIdSupport":4,"iIdFonctionnalite":10300,"iIdZone":10303,"iIdSticker":17,"sTypeSticker":"AVIS_CLIENT"},{"sNoPointLivraison":"079111","iIdProduit":96934,"iIdSupport":4,"iIdFonctionnalite":10300,"iIdZone":10306,"iIdSticker":14,"sTypeSticker":"FRAICHEUR"},{"sNoPointLivraison":"079111","iIdProduit":96934,"iIdSupport":4,"iIdFonctionnalite":10300,"iIdZone":10306,"iIdSticker":37,"sTypeSticker":"ECHELLE"},{"sNoPointLivraison":"079111","iIdProduit":96934,"iIdSupport":4,"iIdFonctionnalite":10300,"iIdZone":10307,"iIdSticker":36,"sTypeSticker":"NUTRISCORE"},{"sNoPointLivraison":"079111","iIdProduit":96934,"iIdSupport":4,"iIdFonctionnalite":10700,"iIdZone":10702,"iIdSticker":1,"sTypeSticker":"MARQUE"},{"sNoPointLivraison":"079111","iIdProduit":96934,"iIdSupport":4,"iIdFonctionnalite":10700,"iIdZone":10702,"iIdSticker":2,"sTypeSticker":"QUALITE"},{"sNoPointLivraison":"079111","iIdProduit":96934,"iIdSupport":4,"iIdFonctionnalite":10700,"iIdZone":10703,"iIdSticker":17,"sTypeSticker":"AVIS_CLIENT"},{"sNoPointLivraison":"079111","iIdProduit":96934,"iIdSupport":4,"iIdFonctionnalite":10700,"iIdZone":10706,"iIdSticker":14,"sTypeSticker":"FRAICHEUR"},{"sNoPointLivraison":"079111","iIdProduit":96934,"iIdSupport":4,"iIdFonctionnalite":10700,"iIdZone":10706,"iIdSticker":37,"sTypeSticker":"ECHELLE"},{"sNoPointLivraison":"079111","iIdProduit":96934,"iIdSupport":4,"iIdFonctionnalite":10700,"iIdZone":10707,"iIdSticker":36,"sTypeSticker":"NUTRISCORE"},{"sNoPointLivraison":"079111","iIdProduit":32516,"iIdSupport":4,"iIdFonctionnalite":10100,"iIdZone":10102,"iIdSticker":1,"sTypeSticker":"MARQUE"},{"sNoPointLivraison":"079111","iIdProduit":32516,"iIdSupport":4,"iIdFonctionnalite":10100,"iIdZone":10102,"iIdSticker":2,"sTypeSticker":"QUALITE"},{"sNoPointLivraison":"079111","iIdProduit":32516,"iIdSupport":4,"iIdFonctionnalite":10100,"iIdZone":10103,"iIdSticker":28,"sTypeSticker":"AVIS_CLIENT"},{"sNoPointLivraison":"079111","iIdProduit":32516,"iIdSupport":4,"iIdFonctionnalite":10100,"iIdZone":10106,"iIdSticker":14,"sTypeSticker":"FRAICHEUR"},{"sNoPointLivraison":"079111","iIdProduit":32516,"iIdSupport":4,"iIdFonctionnalite":10100,"iIdZone":10106,"iIdSticker":38,"sTypeSticker":"ECHELLE"},{"sNoPointLivraison":"079111","iIdProduit":32516,"iIdSupport":4,"iIdFonctionnalite":10100,"iIdZone":10107,"iIdSticker":36,"sTypeSticker":"NUTRISCORE"},{"sNoPointLivraison":"079111","iIdProduit":32516,"iIdSupport":4,"iIdFonctionnalite":10200,"iIdZone":10202,"iIdSticker":1,"sTypeSticker":"MARQUE"},{"sNoPointLivraison":"079111","iIdProduit":32516,"iIdSupport":4,"iIdFonctionnalite":10200,"iIdZone":10202,"iIdSticker":2,"sTypeSticker":"QUALITE"},{"sNoPointLivraison":"079111","iIdProduit":32516,"iIdSupport":4,"iIdFonctionnalite":10200,"iIdZone":10203,"iIdSticker":28,"sTypeSticker":"AVIS_CLIENT"},{"sNoPointLivraison":"079111","iIdProduit":32516,"iIdSupport":4,"iIdFonctionnalite":10200,"iIdZone":10206,"iIdSticker":14,"sTypeSticker":"FRAICHEUR"},{"sNoPointLivraison":"079111","iIdProduit":32516,"iIdSupport":4,"iIdFonctionnalite":10200,"iIdZone":10206,"iIdSticker":38,"sTypeSticker":"ECHELLE"},{"sNoPointLivraison":"079111","iIdProduit":32516,"iIdSupport":4,"iIdFonctionnalite":10200,"iIdZone":10207,"iIdSticker":36,"sTypeSticker":"NUTRISCORE"},{"sNoPointLivraison":"079111","iIdProduit":32516,"iIdSupport":4,"iIdFonctionnalite":10300,"iIdZone":10302,"iIdSticker":1,"sTypeSticker":"MARQUE"},{"sNoPointLivraison":"079111","iIdProduit":32516,"iIdSupport":4,"iIdFonctionnalite":10300,"iIdZone":10302,"iIdSticker":2,"sTypeSticker":"QUALITE"},{"sNoPointLivraison":"079111","iIdProduit":32516,"iIdSupport":4,"iIdFonctionnalite":10300,"iIdZone":10303,"iIdSticker":28,"sTypeSticker":"AVIS_CLIENT"},{"sNoPointLivraison":"079111","iIdProduit":32516,"iIdSupport":4,"iIdFonctionnalite":10300,"iIdZone":10306,"iIdSticker":14,"sTypeSticker":"FRAICHEUR"},{"sNoPointLivraison":"079111","iIdProduit":32516,"iIdSupport":4,"iIdFonctionnalite":10300,"iIdZone":10306,"iIdSticker":38,"sTypeSticker":"ECHELLE"},{"sNoPointLivraison":"079111","iIdProduit":32516,"iIdSupport":4,"iIdFonctionnalite":10300,"iIdZone":10307,"iIdSticker":36,"sTypeSticker":"NUTRISCORE"},{"sNoPointLivraison":"079111","iIdProduit":32516,"iIdSupport":4,"iIdFonctionnalite":10700,"iIdZone":10702,"iIdSticker":1,"sTypeSticker":"MARQUE"},{"sNoPointLivraison":"079111","iIdProduit":32516,"iIdSupport":4,"iIdFonctionnalite":10700,"iIdZone":10702,"iIdSticker":2,"sTypeSticker":"QUALITE"},{"sNoPointLivraison":"079111","iIdProduit":32516,"iIdSupport":4,"iIdFonctionnalite":10700,"iIdZone":10703,"iIdSticker":28,"sTypeSticker":"AVIS_CLIENT"},{"sNoPointLivraison":"079111","iIdProduit":32516,"iIdSupport":4,"iIdFonctionnalite":10700,"iIdZone":10706,"iIdSticker":14,"sTypeSticker":"FRAICHEUR"},{"sNoPointLivraison":"079111","iIdProduit":32516,"iIdSupport":4,"iIdFonctionnalite":10700,"iIdZone":10706,"iIdSticker":38,"sTypeSticker":"ECHELLE"},{"sNoPointLivraison":"079111","iIdProduit":32516,"iIdSupport":4,"iIdFonctionnalite":10700,"iIdZone":10707,"iIdSticker":36,"sTypeSticker":"NUTRISCORE"},{"sNoPointLivraison":"079111","iIdProduit":26464,"iIdSupport":4,"iIdFonctionnalite":10100,"iIdZone":10102,"iIdSticker":1,"sTypeSticker":"MARQUE"},{"sNoPointLivraison":"079111","iIdProduit":26464,"iIdSupport":4,"iIdFonctionnalite":10100,"iIdZone":10102,"iIdSticker":2,"sTypeSticker":"QUALITE"},{"sNoPointLivraison":"079111","iIdProduit":26464,"iIdSupport":4,"iIdFonctionnalite":10100,"iIdZone":10106,"iIdSticker":14,"sTypeSticker":"FRAICHEUR"},{"sNoPointLivraison":"079111","iIdProduit":26464,"iIdSupport":4,"iIdFonctionnalite":10100,"iIdZone":10106,"iIdSticker":39,"sTypeSticker":"ECHELLE"},{"sNoPointLivraison":"079111","iIdProduit":26464,"iIdSupport":4,"iIdFonctionnalite":10200,"iIdZone":10202,"iIdSticker":1,"sTypeSticker":"MARQUE"},{"sNoPointLivraison":"079111","iIdProduit":26464,"iIdSupport":4,"iIdFonctionnalite":10200,"iIdZone":10202,"iIdSticker":2,"sTypeSticker":"QUALITE"},{"sNoPointLivraison":"079111","iIdProduit":26464,"iIdSupport":4,"iIdFonctionnalite":10200,"iIdZone":10203,"iIdSticker":28,"sTypeSticker":"AVIS_CLIENT"},{"sNoPointLivraison":"079111","iIdProduit":26464,"iIdSupport":4,"iIdFonctionnalite":10200,"iIdZone":10206,"iIdSticker":14,"sTypeSticker":"FRAICHEUR"},{"sNoPointLivraison":"079111","iIdProduit":26464,"iIdSupport":4,"iIdFonctionnalite":10200,"iIdZone":10206,"iIdSticker":39,"sTypeSticker":"ECHELLE"},{"sNoPointLivraison":"079111","iIdProduit":26464,"iIdSupport":4,"iIdFonctionnalite":10200,"iIdZone":10207,"iIdSticker":23,"sTypeSticker":"NUTRISCORE"},{"sNoPointLivraison":"079111","iIdProduit":26464,"iIdSupport":4,"iIdFonctionnalite":10300,"iIdZone":10302,"iIdSticker":1,"sTypeSticker":"MARQUE"},{"sNoPointLivraison":"079111","iIdProduit":26464,"iIdSupport":4,"iIdFonctionnalite":10300,"iIdZone":10302,"iIdSticker":2,"sTypeSticker":"QUALITE"},{"sNoPointLivraison":"079111","iIdProduit":26464,"iIdSupport":4,"iIdFonctionnalite":10300,"iIdZone":10303,"iIdSticker":28,"sTypeSticker":"AVIS_CLIENT"},{"sNoPointLivraison":"079111","iIdProduit":26464,"iIdSupport":4,"iIdFonctionnalite":10300,"iIdZone":10306,"iIdSticker":14,"sTypeSticker":"FRAICHEUR"},{"sNoPointLivraison":"079111","iIdProduit":26464,"iIdSupport":4,"iIdFonctionnalite":10300,"iIdZone":10306,"iIdSticker":39,"sTypeSticker":"ECHELLE"},{"sNoPointLivraison":"079111","iIdProduit":26464,"iIdSupport":4,"iIdFonctionnalite":10300,"iIdZone":10307,"iIdSticker":23,"sTypeSticker":"NUTRISCORE"},{"sNoPointLivraison":"079111","iIdProduit":26464,"iIdSupport":4,"iIdFonctionnalite":10700,"iIdZone":10702,"iIdSticker":1,"sTypeSticker":"MARQUE"},{"sNoPointLivraison":"079111","iIdProduit":26464,"iIdSupport":4,"iIdFonctionnalite":10700,"iIdZone":10702,"iIdSticker":2,"sTypeSticker":"QUALITE"},{"sNoPointLivraison":"079111","iIdProduit":26464,"iIdSupport":4,"iIdFonctionnalite":10700,"iIdZone":10706,"iIdSticker":14,"sTypeSticker":"FRAICHEUR"},{"sNoPointLivraison":"079111","iIdProduit":26464,"iIdSupport":4,"iIdFonctionnalite":10700,"iIdZone":10706,"iIdSticker":39,"sTypeSticker":"ECHELLE"},{"sNoPointLivraison":"079111","iIdProduit":27363,"iIdSupport":4,"iIdFonctionnalite":10100,"iIdZone":10102,"iIdSticker":1,"sTypeSticker":"MARQUE"},{"sNoPointLivraison":"079111","iIdProduit":27363,"iIdSupport":4,"iIdFonctionnalite":10100,"iIdZone":10102,"iIdSticker":2,"sTypeSticker":"QUALITE"},{"sNoPointLivraison":"079111","iIdProduit":27363,"iIdSupport":4,"iIdFonctionnalite":10100,"iIdZone":10106,"iIdSticker":14,"sTypeSticker":"FRAICHEUR"},{"sNoPointLivraison":"079111","iIdProduit":27363,"iIdSupport":4,"iIdFonctionnalite":10100,"iIdZone":10106,"iIdSticker":40,"sTypeSticker":"ECHELLE"},{"sNoPointLivraison":"079111","iIdProduit":27363,"iIdSupport":4,"iIdFonctionnalite":10200,"iIdZone":10202,"iIdSticker":1,"sTypeSticker":"MARQUE"},{"sNoPointLivraison":"079111","iIdProduit":27363,"iIdSupport":4,"iIdFonctionnalite":10200,"iIdZone":10202,"iIdSticker":2,"sTypeSticker":"QUALITE"},{"sNoPointLivraison":"079111","iIdProduit":27363,"iIdSupport":4,"iIdFonctionnalite":10200,"iIdZone":10203,"iIdSticker":21,"sTypeSticker":"AVIS_CLIENT"},{"sNoPointLivraison":"079111","iIdProduit":27363,"iIdSupport":4,"iIdFonctionnalite":10200,"iIdZone":10206,"iIdSticker":14,"sTypeSticker":"FRAICHEUR"},{"sNoPointLivraison":"079111","iIdProduit":27363,"iIdSupport":4,"iIdFonctionnalite":10200,"iIdZone":10206,"iIdSticker":40,"sTypeSticker":"ECHELLE"},{"sNoPointLivraison":"079111","iIdProduit":27363,"iIdSupport":4,"iIdFonctionnalite":10200,"iIdZone":10207,"iIdSticker":23,"sTypeSticker":"NUTRISCORE"},{"sNoPointLivraison":"079111","iIdProduit":27363,"iIdSupport":4,"iIdFonctionnalite":10300,"iIdZone":10302,"iIdSticker":1,"sTypeSticker":"MARQUE"},{"sNoPointLivraison":"079111","iIdProduit":27363,"iIdSupport":4,"iIdFonctionnalite":10300,"iIdZone":10302,"iIdSticker":2,"sTypeSticker":"QUALITE"},{"sNoPointLivraison":"079111","iIdProduit":27363,"iIdSupport":4,"iIdFonctionnalite":10300,"iIdZone":10303,"iIdSticker":21,"sTypeSticker":"AVIS_CLIENT"},{"sNoPointLivraison":"079111","iIdProduit":27363,"iIdSupport":4,"iIdFonctionnalite":10300,"iIdZone":10306,"iIdSticker":14,"sTypeSticker":"FRAICHEUR"},{"sNoPointLivraison":"079111","iIdProduit":27363,"iIdSupport":4,"iIdFonctionnalite":10300,"iIdZone":10306,"iIdSticker":40,"sTypeSticker":"ECHELLE"},{"sNoPointLivraison":"079111","iIdProduit":27363,"iIdSupport":4,"iIdFonctionnalite":10300,"iIdZone":10307,"iIdSticker":23,"sTypeSticker":"NUTRISCORE"},{"sNoPointLivraison":"079111","iIdProduit":27363,"iIdSupport":4,"iIdFonctionnalite":10700,"iIdZone":10702,"iIdSticker":1,"sTypeSticker":"MARQUE"},{"sNoPointLivraison":"079111","iIdProduit":27363,"iIdSupport":4,"iIdFonctionnalite":10700,"iIdZone":10702,"iIdSticker":2,"sTypeSticker":"QUALITE"},{"sNoPointLivraison":"079111","iIdProduit":27363,"iIdSupport":4,"iIdFonctionnalite":10700,"iIdZone":10706,"iIdSticker":14,"sTypeSticker":"FRAICHEUR"},{"sNoPointLivraison":"079111","iIdProduit":27363,"iIdSupport":4,"iIdFonctionnalite":10700,"iIdZone":10706,"iIdSticker":40,"sTypeSticker":"ECHELLE"},{"sNoPointLivraison":"079111","iIdProduit":60151,"iIdSupport":4,"iIdFonctionnalite":10100,"iIdZone":10102,"iIdSticker":2,"sTypeSticker":"QUALITE"},{"sNoPointLivraison":"079111","iIdProduit":60151,"iIdSupport":4,"iIdFonctionnalite":10100,"iIdZone":10103,"iIdSticker":3,"sTypeSticker":"AVIS_CLIENT"},{"sNoPointLivraison":"079111","iIdProduit":60151,"iIdSupport":4,"iIdFonctionnalite":10100,"iIdZone":10106,"iIdSticker":14,"sTypeSticker":"FRAICHEUR"},{"sNoPointLivraison":"079111","iIdProduit":60151,"iIdSupport":4,"iIdFonctionnalite":10100,"iIdZone":10106,"iIdSticker":32,"sTypeSticker":"ECHELLE"},{"sNoPointLivraison":"079111","iIdProduit":60151,"iIdSupport":4,"iIdFonctionnalite":10100,"iIdZone":10107,"iIdSticker":34,"sTypeSticker":"NUTRISCORE"},{"sNoPointLivraison":"079111","iIdProduit":60151,"iIdSupport":4,"iIdFonctionnalite":10200,"iIdZone":10202,"iIdSticker":2,"sTypeSticker":"QUALITE"},{"sNoPointLivraison":"079111","iIdProduit":60151,"iIdSupport":4,"iIdFonctionnalite":10200,"iIdZone":10203,"iIdSticker":3,"sTypeSticker":"AVIS_CLIENT"},{"sNoPointLivraison":"079111","iIdProduit":60151,"iIdSupport":4,"iIdFonctionnalite":10200,"iIdZone":10206,"iIdSticker":14,"sTypeSticker":"FRAICHEUR"},{"sNoPointLivraison":"079111","iIdProduit":60151,"iIdSupport":4,"iIdFonctionnalite":10200,"iIdZone":10206,"iIdSticker":32,"sTypeSticker":"ECHELLE"},{"sNoPointLivraison":"079111","iIdProduit":60151,"iIdSupport":4,"iIdFonctionnalite":10200,"iIdZone":10207,"iIdSticker":34,"sTypeSticker":"NUTRISCORE"},{"sNoPointLivraison":"079111","iIdProduit":60151,"iIdSupport":4,"iIdFonctionnalite":10300,"iIdZone":10302,"iIdSticker":2,"sTypeSticker":"QUALITE"},{"sNoPointLivraison":"079111","iIdProduit":60151,"iIdSupport":4,"iIdFonctionnalite":10300,"iIdZone":10303,"iIdSticker":3,"sTypeSticker":"AVIS_CLIENT"},{"sNoPointLivraison":"079111","iIdProduit":60151,"iIdSupport":4,"iIdFonctionnalite":10300,"iIdZone":10306,"iIdSticker":14,"sTypeSticker":"FRAICHEUR"},{"sNoPointLivraison":"079111","iIdProduit":60151,"iIdSupport":4,"iIdFonctionnalite":10300,"iIdZone":10306,"iIdSticker":32,"sTypeSticker":"ECHELLE"},{"sNoPointLivraison":"079111","iIdProduit":60151,"iIdSupport":4,"iIdFonctionnalite":10300,"iIdZone":10307,"iIdSticker":34,"sTypeSticker":"NUTRISCORE"},{"sNoPointLivraison":"079111","iIdProduit":60151,"iIdSupport":4,"iIdFonctionnalite":10700,"iIdZone":10702,"iIdSticker":2,"sTypeSticker":"QUALITE"},{"sNoPointLivraison":"079111","iIdProduit":60151,"iIdSupport":4,"iIdFonctionnalite":10700,"iIdZone":10703,"iIdSticker":3,"sTypeSticker":"AVIS_CLIENT"},{"sNoPointLivraison":"079111","iIdProduit":60151,"iIdSupport":4,"iIdFonctionnalite":10700,"iIdZone":10706,"iIdSticker":14,"sTypeSticker":"FRAICHEUR"},{"sNoPointLivraison":"079111","iIdProduit":60151,"iIdSupport":4,"iIdFonctionnalite":10700,"iIdZone":10706,"iIdSticker":32,"sTypeSticker":"ECHELLE"},{"sNoPointLivraison":"079111","iIdProduit":60151,"iIdSupport":4,"iIdFonctionnalite":10700,"iIdZone":10707,"iIdSticker":34,"sTypeSticker":"NUTRISCORE"},{"sNoPointLivraison":"079111","iIdProduit":90662,"iIdSupport":4,"iIdFonctionnalite":10100,"iIdZone":10102,"iIdSticker":2,"sTypeSticker":"QUALITE"},{"sNoPointLivraison":"079111","iIdProduit":90662,"iIdSupport":4,"iIdFonctionnalite":10100,"iIdZone":10106,"iIdSticker":14,"sTypeSticker":"FRAICHEUR"},{"sNoPointLivraison":"079111","iIdProduit":90662,"iIdSupport":4,"iIdFonctionnalite":10100,"iIdZone":10106,"iIdSticker":32,"sTypeSticker":"ECHELLE"},{"sNoPointLivraison":"079111","iIdProduit":90662,"iIdSupport":4,"iIdFonctionnalite":10200,"iIdZone":10202,"iIdSticker":2,"sTypeSticker":"QUALITE"},{"sNoPointLivraison":"079111","iIdProduit":90662,"iIdSupport":4,"iIdFonctionnalite":10200,"iIdZone":10203,"iIdSticker":8,"sTypeSticker":"AVIS_CLIENT"},{"sNoPointLivraison":"079111","iIdProduit":90662,"iIdSupport":4,"iIdFonctionnalite":10200,"iIdZone":10206,"iIdSticker":14,"sTypeSticker":"FRAICHEUR"},{"sNoPointLivraison":"079111","iIdProduit":90662,"iIdSupport":4,"iIdFonctionnalite":10200,"iIdZone":10206,"iIdSticker":32,"sTypeSticker":"ECHELLE"},{"sNoPointLivraison":"079111","iIdProduit":90662,"iIdSupport":4,"iIdFonctionnalite":10200,"iIdZone":10207,"iIdSticker":34,"sTypeSticker":"NUTRISCORE"},{"sNoPointLivraison":"079111","iIdProduit":90662,"iIdSupport":4,"iIdFonctionnalite":10300,"iIdZone":10302,"iIdSticker":2,"sTypeSticker":"QUALITE"},{"sNoPointLivraison":"079111","iIdProduit":90662,"iIdSupport":4,"iIdFonctionnalite":10300,"iIdZone":10303,"iIdSticker":8,"sTypeSticker":"AVIS_CLIENT"},{"sNoPointLivraison":"079111","iIdProduit":90662,"iIdSupport":4,"iIdFonctionnalite":10300,"iIdZone":10306,"iIdSticker":14,"sTypeSticker":"FRAICHEUR"},{"sNoPointLivraison":"079111","iIdProduit":90662,"iIdSupport":4,"iIdFonctionnalite":10300,"iIdZone":10306,"iIdSticker":32,"sTypeSticker":"ECHELLE"},{"sNoPointLivraison":"079111","iIdProduit":90662,"iIdSupport":4,"iIdFonctionnalite":10300,"iIdZone":10307,"iIdSticker":34,"sTypeSticker":"NUTRISCORE"},{"sNoPointLivraison":"079111","iIdProduit":90662,"iIdSupport":4,"iIdFonctionnalite":10700,"iIdZone":10702,"iIdSticker":2,"sTypeSticker":"QUALITE"},{"sNoPointLivraison":"079111","iIdProduit":90662,"iIdSupport":4,"iIdFonctionnalite":10700,"iIdZone":10706,"iIdSticker":14,"sTypeSticker":"FRAICHEUR"},{"sNoPointLivraison":"079111","iIdProduit":90662,"iIdSupport":4,"iIdFonctionnalite":10700,"iIdZone":10706,"iIdSticker":32,"sTypeSticker":"ECHELLE"},{"sNoPointLivraison":"079111","iIdProduit":69291,"iIdSupport":4,"iIdFonctionnalite":10100,"iIdZone":10102,"iIdSticker":2,"sTypeSticker":"QUALITE"},{"sNoPointLivraison":"079111","iIdProduit":69291,"iIdSupport":4,"iIdFonctionnalite":10100,"iIdZone":10103,"iIdSticker":17,"sTypeSticker":"AVIS_CLIENT"},{"sNoPointLivraison":"079111","iIdProduit":69291,"iIdSupport":4,"iIdFonctionnalite":10100,"iIdZone":10105,"iIdSticker":41,"sTypeSticker":"TEL"},{"sNoPointLivraison":"079111","iIdProduit":69291,"iIdSupport":4,"iIdFonctionnalite":10100,"iIdZone":10106,"iIdSticker":14,"sTypeSticker":"FRAICHEUR"},{"sNoPointLivraison":"079111","iIdProduit":69291,"iIdSupport":4,"iIdFonctionnalite":10100,"iIdZone":10106,"iIdSticker":38,"sTypeSticker":"ECHELLE"},{"sNoPointLivraison":"079111","iIdProduit":69291,"iIdSupport":4,"iIdFonctionnalite":10100,"iIdZone":10107,"iIdSticker":35,"sTypeSticker":"NUTRISCORE"},{"sNoPointLivraison":"079111","iIdProduit":69291,"iIdSupport":4,"iIdFonctionnalite":10200,"iIdZone":10202,"iIdSticker":2,"sTypeSticker":"QUALITE"},{"sNoPointLivraison":"079111","iIdProduit":69291,"iIdSupport":4,"iIdFonctionnalite":10200,"iIdZone":10203,"iIdSticker":17,"sTypeSticker":"AVIS_CLIENT"},{"sNoPointLivraison":"079111","iIdProduit":69291,"iIdSupport":4,"iIdFonctionnalite":10200,"iIdZone":10205,"iIdSticker":41,"sTypeSticker":"TEL"},{"sNoPointLivraison":"079111","iIdProduit":69291,"iIdSupport":4,"iIdFonctionnalite":10200,"iIdZone":10206,"iIdSticker":14,"sTypeSticker":"FRAICHEUR"},{"sNoPointLivraison":"079111","iIdProduit":69291,"iIdSupport":4,"iIdFonctionnalite":10200,"iIdZone":10206,"iIdSticker":38,"sTypeSticker":"ECHELLE"},{"sNoPointLivraison":"079111","iIdProduit":69291,"iIdSupport":4,"iIdFonctionnalite":10200,"iIdZone":10207,"iIdSticker":35,"sTypeSticker":"NUTRISCORE"},{"sNoPointLivraison":"079111","iIdProduit":69291,"iIdSupport":4,"iIdFonctionnalite":10300,"iIdZone":10302,"iIdSticker":2,"sTypeSticker":"QUALITE"},{"sNoPointLivraison":"079111","iIdProduit":69291,"iIdSupport":4,"iIdFonctionnalite":10300,"iIdZone":10303,"iIdSticker":17,"sTypeSticker":"AVIS_CLIENT"},{"sNoPointLivraison":"079111","iIdProduit":69291,"iIdSupport":4,"iIdFonctionnalite":10300,"iIdZone":10305,"iIdSticker":41,"sTypeSticker":"TEL"},{"sNoPointLivraison":"079111","iIdProduit":69291,"iIdSupport":4,"iIdFonctionnalite":10300,"iIdZone":10306,"iIdSticker":14,"sTypeSticker":"FRAICHEUR"},{"sNoPointLivraison":"079111","iIdProduit":69291,"iIdSupport":4,"iIdFonctionnalite":10300,"iIdZone":10306,"iIdSticker":38,"sTypeSticker":"ECHELLE"},{"sNoPointLivraison":"079111","iIdProduit":69291,"iIdSupport":4,"iIdFonctionnalite":10300,"iIdZone":10307,"iIdSticker":35,"sTypeSticker":"NUTRISCORE"},{"sNoPointLivraison":"079111","iIdProduit":69291,"iIdSupport":4,"iIdFonctionnalite":10700,"iIdZone":10702,"iIdSticker":2,"sTypeSticker":"QUALITE"},{"sNoPointLivraison":"079111","iIdProduit":69291,"iIdSupport":4,"iIdFonctionnalite":10700,"iIdZone":10703,"iIdSticker":17,"sTypeSticker":"AVIS_CLIENT"},{"sNoPointLivraison":"079111","iIdProduit":69291,"iIdSupport":4,"iIdFonctionnalite":10700,"iIdZone":10705,"iIdSticker":41,"sTypeSticker":"TEL"},{"sNoPointLivraison":"079111","iIdProduit":69291,"iIdSupport":4,"iIdFonctionnalite":10700,"iIdZone":10706,"iIdSticker":14,"sTypeSticker":"FRAICHEUR"},{"sNoPointLivraison":"079111","iIdProduit":69291,"iIdSupport":4,"iIdFonctionnalite":10700,"iIdZone":10706,"iIdSticker":38,"sTypeSticker":"ECHELLE"},{"sNoPointLivraison":"079111","iIdProduit":69291,"iIdSupport":4,"iIdFonctionnalite":10700,"iIdZone":10707,"iIdSticker":35,"sTypeSticker":"NUTRISCORE"},{"sNoPointLivraison":"079111","iIdProduit":15590,"iIdSupport":4,"iIdFonctionnalite":10100,"iIdZone":10102,"iIdSticker":2,"sTypeSticker":"QUALITE"},{"sNoPointLivraison":"079111","iIdProduit":15590,"iIdSupport":4,"iIdFonctionnalite":10100,"iIdZone":10106,"iIdSticker":42,"sTypeSticker":"ECHELLE"},{"sNoPointLivraison":"079111","iIdProduit":15590,"iIdSupport":4,"iIdFonctionnalite":10200,"iIdZone":10202,"iIdSticker":2,"sTypeSticker":"QUALITE"},{"sNoPointLivraison":"079111","iIdProduit":15590,"iIdSupport":4,"iIdFonctionnalite":10200,"iIdZone":10203,"iIdSticker":8,"sTypeSticker":"AVIS_CLIENT"},{"sNoPointLivraison":"079111","iIdProduit":15590,"iIdSupport":4,"iIdFonctionnalite":10200,"iIdZone":10206,"iIdSticker":42,"sTypeSticker":"ECHELLE"},{"sNoPointLivraison":"079111","iIdProduit":15590,"iIdSupport":4,"iIdFonctionnalite":10200,"iIdZone":10207,"iIdSticker":23,"sTypeSticker":"NUTRISCORE"},{"sNoPointLivraison":"079111","iIdProduit":15590,"iIdSupport":4,"iIdFonctionnalite":10300,"iIdZone":10302,"iIdSticker":2,"sTypeSticker":"QUALITE"},{"sNoPointLivraison":"079111","iIdProduit":15590,"iIdSupport":4,"iIdFonctionnalite":10300,"iIdZone":10303,"iIdSticker":8,"sTypeSticker":"AVIS_CLIENT"},{"sNoPointLivraison":"079111","iIdProduit":15590,"iIdSupport":4,"iIdFonctionnalite":10300,"iIdZone":10306,"iIdSticker":42,"sTypeSticker":"ECHELLE"},{"sNoPointLivraison":"079111","iIdProduit":15590,"iIdSupport":4,"iIdFonctionnalite":10300,"iIdZone":10307,"iIdSticker":23,"sTypeSticker":"NUTRISCORE"},{"sNoPointLivraison":"079111","iIdProduit":15590,"iIdSupport":4,"iIdFonctionnalite":10700,"iIdZone":10702,"iIdSticker":2,"sTypeSticker":"QUALITE"},{"sNoPointLivraison":"079111","iIdProduit":15590,"iIdSupport":4,"iIdFonctionnalite":10700,"iIdZone":10706,"iIdSticker":42,"sTypeSticker":"ECHELLE"},{"sNoPointLivraison":"079111","iIdProduit":15048,"iIdSupport":4,"iIdFonctionnalite":10100,"iIdZone":10102,"iIdSticker":1,"sTypeSticker":"MARQUE"},{"sNoPointLivraison":"079111","iIdProduit":15048,"iIdSupport":4,"iIdFonctionnalite":10100,"iIdZone":10102,"iIdSticker":2,"sTypeSticker":"QUALITE"},{"sNoPointLivraison":"079111","iIdProduit":15048,"iIdSupport":4,"iIdFonctionnalite":10100,"iIdZone":10103,"iIdSticker":17,"sTypeSticker":"AVIS_CLIENT"},{"sNoPointLivraison":"079111","iIdProduit":15048,"iIdSupport":4,"iIdFonctionnalite":10100,"iIdZone":10106,"iIdSticker":31,"sTypeSticker":"ECHELLE"},{"sNoPointLivraison":"079111","iIdProduit":15048,"iIdSupport":4,"iIdFonctionnalite":10100,"iIdZone":10107,"iIdSticker":34,"sTypeSticker":"NUTRISCORE"},{"sNoPointLivraison":"079111","iIdProduit":15048,"iIdSupport":4,"iIdFonctionnalite":10200,"iIdZone":10202,"iIdSticker":1,"sTypeSticker":"MARQUE"},{"sNoPointLivraison":"079111","iIdProduit":15048,"iIdSupport":4,"iIdFonctionnalite":10200,"iIdZone":10202,"iIdSticker":2,"sTypeSticker":"QUALITE"},{"sNoPointLivraison":"079111","iIdProduit":15048,"iIdSupport":4,"iIdFonctionnalite":10200,"iIdZone":10203,"iIdSticker":17,"sTypeSticker":"AVIS_CLIENT"},{"sNoPointLivraison":"079111","iIdProduit":15048,"iIdSupport":4,"iIdFonctionnalite":10200,"iIdZone":10206,"iIdSticker":31,"sTypeSticker":"ECHELLE"},{"sNoPointLivraison":"079111","iIdProduit":15048,"iIdSupport":4,"iIdFonctionnalite":10200,"iIdZone":10207,"iIdSticker":34,"sTypeSticker":"NUTRISCORE"},{"sNoPointLivraison":"079111","iIdProduit":15048,"iIdSupport":4,"iIdFonctionnalite":10300,"iIdZone":10302,"iIdSticker":1,"sTypeSticker":"MARQUE"},{"sNoPointLivraison":"079111","iIdProduit":15048,"iIdSupport":4,"iIdFonctionnalite":10300,"iIdZone":10302,"iIdSticker":2,"sTypeSticker":"QUALITE"},{"sNoPointLivraison":"079111","iIdProduit":15048,"iIdSupport":4,"iIdFonctionnalite":10300,"iIdZone":10303,"iIdSticker":17,"sTypeSticker":"AVIS_CLIENT"},{"sNoPointLivraison":"079111","iIdProduit":15048,"iIdSupport":4,"iIdFonctionnalite":10300,"iIdZone":10306,"iIdSticker":31,"sTypeSticker":"ECHELLE"},{"sNoPointLivraison":"079111","iIdProduit":15048,"iIdSupport":4,"iIdFonctionnalite":10300,"iIdZone":10307,"iIdSticker":34,"sTypeSticker":"NUTRISCORE"},{"sNoPointLivraison":"079111","iIdProduit":15048,"iIdSupport":4,"iIdFonctionnalite":10700,"iIdZone":10702,"iIdSticker":1,"sTypeSticker":"MARQUE"},{"sNoPointLivraison":"079111","iIdProduit":15048,"iIdSupport":4,"iIdFonctionnalite":10700,"iIdZone":10702,"iIdSticker":2,"sTypeSticker":"QUALITE"},{"sNoPointLivraison":"079111","iIdProduit":15048,"iIdSupport":4,"iIdFonctionnalite":10700,"iIdZone":10703,"iIdSticker":17,"sTypeSticker":"AVIS_CLIENT"},{"sNoPointLivraison":"079111","iIdProduit":15048,"iIdSupport":4,"iIdFonctionnalite":10700,"iIdZone":10706,"iIdSticker":31,"sTypeSticker":"ECHELLE"},{"sNoPointLivraison":"079111","iIdProduit":15048,"iIdSupport":4,"iIdFonctionnalite":10700,"iIdZone":10707,"iIdSticker":34,"sTypeSticker":"NUTRISCORE"},{"sNoPointLivraison":"079111","iIdProduit":45259,"iIdSupport":4,"iIdFonctionnalite":10100,"iIdZone":10102,"iIdSticker":2,"sTypeSticker":"QUALITE"},{"sNoPointLivraison":"079111","iIdProduit":45259,"iIdSupport":4,"iIdFonctionnalite":10100,"iIdZone":10103,"iIdSticker":17,"sTypeSticker":"AVIS_CLIENT"},{"sNoPointLivraison":"079111","iIdProduit":45259,"iIdSupport":4,"iIdFonctionnalite":10100,"iIdZone":10106,"iIdSticker":32,"sTypeSticker":"ECHELLE"},{"sNoPointLivraison":"079111","iIdProduit":45259,"iIdSupport":4,"iIdFonctionnalite":10100,"iIdZone":10107,"iIdSticker":23,"sTypeSticker":"NUTRISCORE"},{"sNoPointLivraison":"079111","iIdProduit":45259,"iIdSupport":4,"iIdFonctionnalite":10200,"iIdZone":10202,"iIdSticker":2,"sTypeSticker":"QUALITE"},{"sNoPointLivraison":"079111","iIdProduit":45259,"iIdSupport":4,"iIdFonctionnalite":10200,"iIdZone":10203,"iIdSticker":17,"sTypeSticker":"AVIS_CLIENT"},{"sNoPointLivraison":"079111","iIdProduit":45259,"iIdSupport":4,"iIdFonctionnalite":10200,"iIdZone":10206,"iIdSticker":32,"sTypeSticker":"ECHELLE"},{"sNoPointLivraison":"079111","iIdProduit":45259,"iIdSupport":4,"iIdFonctionnalite":10200,"iIdZone":10207,"iIdSticker":23,"sTypeSticker":"NUTRISCORE"},{"sNoPointLivraison":"079111","iIdProduit":45259,"iIdSupport":4,"iIdFonctionnalite":10300,"iIdZone":10302,"iIdSticker":2,"sTypeSticker":"QUALITE"},{"sNoPointLivraison":"079111","iIdProduit":45259,"iIdSupport":4,"iIdFonctionnalite":10300,"iIdZone":10303,"iIdSticker":17,"sTypeSticker":"AVIS_CLIENT"},{"sNoPointLivraison":"079111","iIdProduit":45259,"iIdSupport":4,"iIdFonctionnalite":10300,"iIdZone":10306,"iIdSticker":32,"sTypeSticker":"ECHELLE"},{"sNoPointLivraison":"079111","iIdProduit":45259,"iIdSupport":4,"iIdFonctionnalite":10300,"iIdZone":10307,"iIdSticker":23,"sTypeSticker":"NUTRISCORE"},{"sNoPointLivraison":"079111","iIdProduit":45259,"iIdSupport":4,"iIdFonctionnalite":10700,"iIdZone":10702,"iIdSticker":2,"sTypeSticker":"QUALITE"},{"sNoPointLivraison":"079111","iIdProduit":45259,"iIdSupport":4,"iIdFonctionnalite":10700,"iIdZone":10703,"iIdSticker":17,"sTypeSticker":"AVIS_CLIENT"},{"sNoPointLivraison":"079111","iIdProduit":45259,"iIdSupport":4,"iIdFonctionnalite":10700,"iIdZone":10706,"iIdSticker":32,"sTypeSticker":"ECHELLE"},{"sNoPointLivraison":"079111","iIdProduit":45259,"iIdSupport":4,"iIdFonctionnalite":10700,"iIdZone":10707,"iIdSticker":23,"sTypeSticker":"NUTRISCORE"},{"sNoPointLivraison":"079111","iIdProduit":29764,"iIdSupport":4,"iIdFonctionnalite":10100,"iIdZone":10102,"iIdSticker":1,"sTypeSticker":"MARQUE"},{"sNoPointLivraison":"079111","iIdProduit":29764,"iIdSupport":4,"iIdFonctionnalite":10100,"iIdZone":10102,"iIdSticker":2,"sTypeSticker":"QUALITE"},{"sNoPointLivraison":"079111","iIdProduit":29764,"iIdSupport":4,"iIdFonctionnalite":10100,"iIdZone":10103,"iIdSticker":28,"sTypeSticker":"AVIS_CLIENT"},{"sNoPointLivraison":"079111","iIdProduit":29764,"iIdSupport":4,"iIdFonctionnalite":10100,"iIdZone":10106,"iIdSticker":14,"sTypeSticker":"FRAICHEUR"},{"sNoPointLivraison":"079111","iIdProduit":29764,"iIdSupport":4,"iIdFonctionnalite":10100,"iIdZone":10106,"iIdSticker":32,"sTypeSticker":"ECHELLE"},{"sNoPointLivraison":"079111","iIdProduit":29764,"iIdSupport":4,"iIdFonctionnalite":10100,"iIdZone":10107,"iIdSticker":34,"sTypeSticker":"NUTRISCORE"},{"sNoPointLivraison":"079111","iIdProduit":29764,"iIdSupport":4,"iIdFonctionnalite":10200,"iIdZone":10202,"iIdSticker":1,"sTypeSticker":"MARQUE"},{"sNoPointLivraison":"079111","iIdProduit":29764,"iIdSupport":4,"iIdFonctionnalite":10200,"iIdZone":10202,"iIdSticker":2,"sTypeSticker":"QUALITE"},{"sNoPointLivraison":"079111","iIdProduit":29764,"iIdSupport":4,"iIdFonctionnalite":10200,"iIdZone":10203,"iIdSticker":28,"sTypeSticker":"AVIS_CLIENT"},{"sNoPointLivraison":"079111","iIdProduit":29764,"iIdSupport":4,"iIdFonctionnalite":10200,"iIdZone":10206,"iIdSticker":14,"sTypeSticker":"FRAICHEUR"},{"sNoPointLivraison":"079111","iIdProduit":29764,"iIdSupport":4,"iIdFonctionnalite":10200,"iIdZone":10206,"iIdSticker":32,"sTypeSticker":"ECHELLE"},{"sNoPointLivraison":"079111","iIdProduit":29764,"iIdSupport":4,"iIdFonctionnalite":10200,"iIdZone":10207,"iIdSticker":34,"sTypeSticker":"NUTRISCORE"},{"sNoPointLivraison":"079111","iIdProduit":29764,"iIdSupport":4,"iIdFonctionnalite":10300,"iIdZone":10302,"iIdSticker":1,"sTypeSticker":"MARQUE"},{"sNoPointLivraison":"079111","iIdProduit":29764,"iIdSupport":4,"iIdFonctionnalite":10300,"iIdZone":10302,"iIdSticker":2,"sTypeSticker":"QUALITE"},{"sNoPointLivraison":"079111","iIdProduit":29764,"iIdSupport":4,"iIdFonctionnalite":10300,"iIdZone":10303,"iIdSticker":28,"sTypeSticker":"AVIS_CLIENT"},{"sNoPointLivraison":"079111","iIdProduit":29764,"iIdSupport":4,"iIdFonctionnalite":10300,"iIdZone":10306,"iIdSticker":14,"sTypeSticker":"FRAICHEUR"},{"sNoPointLivraison":"079111","iIdProduit":29764,"iIdSupport":4,"iIdFonctionnalite":10300,"iIdZone":10306,"iIdSticker":32,"sTypeSticker":"ECHELLE"},{"sNoPointLivraison":"079111","iIdProduit":29764,"iIdSupport":4,"iIdFonctionnalite":10300,"iIdZone":10307,"iIdSticker":34,"sTypeSticker":"NUTRISCORE"},{"sNoPointLivraison":"079111","iIdProduit":29764,"iIdSupport":4,"iIdFonctionnalite":10700,"iIdZone":10702,"iIdSticker":1,"sTypeSticker":"MARQUE"},{"sNoPointLivraison":"079111","iIdProduit":29764,"iIdSupport":4,"iIdFonctionnalite":10700,"iIdZone":10702,"iIdSticker":2,"sTypeSticker":"QUALITE"},{"sNoPointLivraison":"079111","iIdProduit":29764,"iIdSupport":4,"iIdFonctionnalite":10700,"iIdZone":10703,"iIdSticker":28,"sTypeSticker":"AVIS_CLIENT"},{"sNoPointLivraison":"079111","iIdProduit":29764,"iIdSupport":4,"iIdFonctionnalite":10700,"iIdZone":10706,"iIdSticker":14,"sTypeSticker":"FRAICHEUR"},{"sNoPointLivraison":"079111","iIdProduit":29764,"iIdSupport":4,"iIdFonctionnalite":10700,"iIdZone":10706,"iIdSticker":32,"sTypeSticker":"ECHELLE"},{"sNoPointLivraison":"079111","iIdProduit":29764,"iIdSupport":4,"iIdFonctionnalite":10700,"iIdZone":10707,"iIdSticker":34,"sTypeSticker":"NUTRISCORE"}],"lstStickers":[{"sUrlCheminComplet":"https://fd7-photos.leclercdrive.fr/logohandler.ashx?logo=1&mindim=*MINDIM*","iIdSticker":1,"sTypeSticker":"MARQUE","niNoVue":3301,"sUrlCheminFinal":"logohandler.ashx?logo=1&mindim=*MINDIM*","sTexteAlternatif":"Marque rep&amp;#232;re","iIdMultiSupport":0},{"sUrlCheminComplet":"https://fd7-photos.leclercdrive.fr/PictoLabelQualite.ashx?id=10&mindim=*MINDIM*&v=2","iIdSticker":2,"sTypeSticker":"QUALITE","niNoVue":3301,"sUrlCheminFinal":"PictoLabelQualite.ashx?id=10&mindim=*MINDIM*&v=2","sTexteAlternatif":"Fili&amp;#232;re qualit&amp;#233;","sTooltipLibelle1":"Bio","iIdMultiSupport":0},{"sUrlCheminComplet":"https://fd7-photos.leclercdrive.fr/StickerAvisClient.ashx?id=158","iIdSticker":3,"sTypeSticker":"AVIS_CLIENT","niNoVue":3301,"sUrlCheminFinal":"StickerAvisClient.ashx?id=158","sTexteAlternatif":"","sTooltipLibelle1":"","sTooltipLibelle2":"","sTooltipUrlImgCheminFinal":"","iIdMultiSupport":0},{"sUrlCheminComplet":"https://fd7-photos.leclercdrive.fr/VisuelEchelle.ashx?Id=665&mindim=*MINDIM*","iIdSticker":4,"sTypeSticker":"ECHELLE","niNoVue":3301,"sUrlCheminFinal":"VisuelEchelle.ashx?Id=665&mindim=*MINDIM*","sTexteAlternatif":"","iIdMultiSupport":0},{"sUrlCheminComplet":"https://fd7-photos.leclercdrive.fr/StickerAvisClient.ashx?id=157","iIdSticker":5,"sTypeSticker":"AVIS_CLIENT","niNoVue":3301,"sUrlCheminFinal":"StickerAvisClient.ashx?id=157","sTexteAlternatif":"","sTooltipLibelle1":"","sTooltipLibelle2":"","sTooltipUrlImgCheminFinal":"","iIdMultiSupport":0},{"sUrlCheminComplet":"https://fd7-photos.leclercdrive.fr/VisuelEchelle.ashx?Id=645&mindim=*MINDIM*","iIdSticker":6,"sTypeSticker":"ECHELLE","niNoVue":3301,"sUrlCheminFinal":"VisuelEchelle.ashx?Id=645&mindim=*MINDIM*","sTexteAlternatif":"","iIdMultiSupport":0},{"sUrlCheminComplet":"https://fd7-photos.leclercdrive.fr/VisuelEchelle.ashx?Id=978&mindim=*MINDIM*","iIdSticker":7,"sTypeSticker":"ECHELLE","niNoVue":3301,"sUrlCheminFinal":"VisuelEchelle.ashx?Id=978&mindim=*MINDIM*","sTexteAlternatif":"","iIdMultiSupport":0},{"sUrlCheminComplet":"https://fd7-photos.leclercdrive.fr/StickerAvisClient.ashx?id=159","iIdSticker":8,"sTypeSticker":"AVIS_CLIENT","niNoVue":3301,"sUrlCheminFinal":"StickerAvisClient.ashx?id=159","sTexteAlternatif":"","sTooltipLibelle1":"","sTooltipLibelle2":"","sTooltipUrlImgCheminFinal":"","iIdMultiSupport":0},{"sUrlCheminComplet":"https://fd7-photos.leclercdrive.fr/VisuelEchelle.ashx?Id=644&mindim=*MINDIM*","iIdSticker":9,"sTypeSticker":"ECHELLE","niNoVue":3301,"sUrlCheminFinal":"VisuelEchelle.ashx?Id=644&mindim=*MINDIM*","sTexteAlternatif":"","iIdMultiSupport":0},{"sUrlCheminComplet":"https://fd7-photos.leclercdrive.fr/VisuelEchelle.ashx?Id=664&mindim=*MINDIM*","iIdSticker":10,"sTypeSticker":"ECHELLE","niNoVue":3301,"sUrlCheminFinal":"VisuelEchelle.ashx?Id=664&mindim=*MINDIM*","sTexteAlternatif":"","iIdMultiSupport":0},{"sUrlCheminComplet":"https://fd7-photos.leclercdrive.fr/PictoLabelQualite.ashx?id=12&mindim=*MINDIM*&v=2","iIdSticker":11,"sTypeSticker":"QUALITE","niNoVue":3301,"sUrlCheminFinal":"PictoLabelQualite.ashx?id=12&mindim=*MINDIM*&v=2","sTexteAlternatif":"Fili&amp;#232;re qualit&amp;#233;","sTooltipLibelle1":"Max Havelaar","iIdMultiSupport":0},{"sUrlCheminComplet":"https://fd7-photos.leclercdrive.fr/VisuelEchelle.ashx?Id=666&mindim=*MINDIM*","iIdSticker":12,"sTypeSticker":"ECHELLE","niNoVue":3301,"sUrlCheminFinal":"VisuelEchelle.ashx?Id=666&mindim=*MINDIM*","sTexteAlternatif":"","iIdMultiSupport":0},{"sUrlCheminComplet":"https://fd7-photos.leclercdrive.fr/VisuelEchelle.ashx?Id=667&mindim=*MINDIM*","iIdSticker":13,"sTypeSticker":"ECHELLE","niNoVue":3301,"sUrlCheminFinal":"VisuelEchelle.ashx?Id=667&mindim=*MINDIM*","sTexteAlternatif":"","iIdMultiSupport":0},{"sUrlCheminComplet":"https://fd7-photos.leclercdrive.fr/logohandler.ashx?logo=100&mindim=*MINDIM*","iIdSticker":14,"sTypeSticker":"FRAICHEUR","niNoVue":3301,"sUrlCheminFinal":"logohandler.ashx?logo=100&mindim=*MINDIM*","sTexteAlternatif":"Fra&amp;#238;cheur","iIdMultiSupport":0},{"sUrlCheminComplet":"https://fd7-photos.leclercdrive.fr/VisuelEchelle.ashx?Id=1556&mindim=*MINDIM*","iIdSticker":15,"sTypeSticker":"ECHELLE","niNoVue":3301,"sUrlCheminFinal":"VisuelEchelle.ashx?Id=1556&mindim=*MINDIM*","sTexteAlternatif":"","iIdMultiSupport":0},{"sUrlCheminComplet":"https://fd7-photos.leclercdrive.fr/VisuelEchelle.ashx?Id=652&mindim=*MINDIM*","iIdSticker":16,"sTypeSticker":"ECHELLE","niNoVue":3301,"sUrlCheminFinal":"VisuelEchelle.ashx?Id=652&mindim=*MINDIM*","sTexteAlternatif":"","iIdMultiSupport":0},{"sUrlCheminComplet":"https://fd7-photos.leclercdrive.fr/StickerAvisClient.ashx?id=163","iIdSticker":17,"sTypeSticker":"AVIS_CLIENT","niNoVue":3301,"sUrlCheminFinal":"StickerAvisClient.ashx?id=163","sTexteAlternatif":"","sTooltipLibelle1":"","sTooltipLibelle2":"","sTooltipUrlImgCheminFinal":"","iIdMultiSupport":0},{"sUrlCheminComplet":"https://fd7-photos.leclercdrive.fr/VisuelEchelle.ashx?Id=672&mindim=*MINDIM*","iIdSticker":18,"sTypeSticker":"ECHELLE","niNoVue":3301,"sUrlCheminFinal":"VisuelEchelle.ashx?Id=672&mindim=*MINDIM*","sTexteAlternatif":"","iIdMultiSupport":0},{"sUrlCheminComplet":"https://fd7-photos.leclercdrive.fr/StickerAvisClient.ashx?id=160","iIdSticker":19,"sTypeSticker":"AVIS_CLIENT","niNoVue":3301,"sUrlCheminFinal":"StickerAvisClient.ashx?id=160","sTexteAlternatif":"","sTooltipLibelle1":"","sTooltipLibelle2":"","sTooltipUrlImgCheminFinal":"","iIdMultiSupport":0},{"sUrlCheminComplet":"https://fd7-photos.leclercdrive.fr/StickerAvisClient.ashx?id=162","iIdSticker":20,"sTypeSticker":"AVIS_CLIENT","niNoVue":3301,"sUrlCheminFinal":"StickerAvisClient.ashx?id=162","sTexteAlternatif":"","sTooltipLibelle1":"","sTooltipLibelle2":"","sTooltipUrlImgCheminFinal":"","iIdMultiSupport":0},{"sUrlCheminComplet":"https://fd7-photos.leclercdrive.fr/StickerAvisClient.ashx?id=155","iIdSticker":21,"sTypeSticker":"AVIS_CLIENT","niNoVue":3301,"sUrlCheminFinal":"StickerAvisClient.ashx?id=155","sTexteAlternatif":"","sTooltipLibelle1":"","sTooltipLibelle2":"","sTooltipUrlImgCheminFinal":"","iIdMultiSupport":0},{"sUrlCheminComplet":"https://fd7-photos.leclercdrive.fr/VisuelEchelle.ashx?Id=646&mindim=*MINDIM*","iIdSticker":22,"sTypeSticker":"ECHELLE","niNoVue":3301,"sUrlCheminFinal":"VisuelEchelle.ashx?Id=646&mindim=*MINDIM*","sTexteAlternatif":"","iIdMultiSupport":0},{"sUrlAideEnLigne":"javascript:void(window.open(encodeURI('https://mgt.leclercdrive.fr/drive/legal/magasin-079111-Massy-Palaiseau/aide-en-ligne.aspx?sSelfService=29&iIdMarque=1'), '', 'width=870,height=750,toolbars=no,scrollbars=yes,status=no,resizable=yes'));","sUrlCheminComplet":"https://fd7-photos.leclercdrive.fr/image.ashx?id=1237706&use=nsc&cat=p&typeid=i&mindim=*MINDIM*","iIdSticker":23,"sTypeSticker":"NUTRISCORE","niNoVue":3301,"sUrlCheminFinal":"image.ashx?id=1237706&use=nsc&cat=p&typeid=i&mindim=*MINDIM*","sTexteAlternatif":"Nutri Score","sTooltipLibelle1":"Pour vous aider à mieux consommer, nous affichons le NUTRI-SCORE sur tous nos produits alimentaires éligibles.","iIdMultiSupport":0},{"sUrlCheminComplet":"https://fd7-photos.leclercdrive.fr/VisuelEchelle.ashx?type=2&val=250.000&unit=g&mindim=*MINDIM*","iIdSticker":24,"sTypeSticker":"MOLETTE_ECHELLE","niNoVue":3301,"sUrlCheminFinal":"VisuelEchelle.ashx?type=2&val=250.000&unit=g&mindim=*MINDIM*","sTexteAlternatif":"Molette echelle","iIdMultiSupport":0},{"sUrlCheminComplet":"https://fd7-photos.leclercdrive.fr/StickerAvisClient.ashx?id=156","iIdSticker":25,"sTypeSticker":"AVIS_CLIENT","niNoVue":3301,"sUrlCheminFinal":"StickerAvisClient.ashx?id=156","sTexteAlternatif":"","sTooltipLibelle1":"","sTooltipLibelle2":"","sTooltipUrlImgCheminFinal":"","iIdMultiSupport":0},{"sUrlCheminComplet":"https://fd7-photos.leclercdrive.fr/VisuelEchelle.ashx?Id=649&mindim=*MINDIM*","iIdSticker":26,"sTypeSticker":"ECHELLE","niNoVue":3301,"sUrlCheminFinal":"VisuelEchelle.ashx?Id=649&mindim=*MINDIM*","sTexteAlternatif":"","iIdMultiSupport":0},{"sUrlCheminComplet":"https://fd7-photos.leclercdrive.fr/VisuelEchelle.ashx?Id=979&mindim=*MINDIM*","iIdSticker":27,"sTypeSticker":"ECHELLE","niNoVue":3301,"sUrlCheminFinal":"VisuelEchelle.ashx?Id=979&mindim=*MINDIM*","sTexteAlternatif":"","iIdMultiSupport":0},{"sUrlCheminComplet":"https://fd7-photos.leclercdrive.fr/StickerAvisClient.ashx?id=161","iIdSticker":28,"sTypeSticker":"AVIS_CLIENT","niNoVue":3301,"sUrlCheminFinal":"StickerAvisClient.ashx?id=161","sTexteAlternatif":"","sTooltipLibelle1":"","sTooltipLibelle2":"","sTooltipUrlImgCheminFinal":"","iIdMultiSupport":0},{"sUrlCheminComplet":"https://fd7-photos.leclercdrive.fr/VisuelEchelle.ashx?type=2&val=200.000&unit=g&mindim=*MINDIM*","iIdSticker":29,"sTypeSticker":"MOLETTE_ECHELLE","niNoVue":3301,"sUrlCheminFinal":"VisuelEchelle.ashx?type=2&val=200.000&unit=g&mindim=*MINDIM*","sTexteAlternatif":"Molette echelle","iIdMultiSupport":0},{"sUrlCheminComplet":"https://fd7-photos.leclercdrive.fr/VisuelEchelle.ashx?Id=662&mindim=*MINDIM*","iIdSticker":30,"sTypeSticker":"ECHELLE","niNoVue":3301,"sUrlCheminFinal":"VisuelEchelle.ashx?Id=662&mindim=*MINDIM*","sTexteAlternatif":"","iIdMultiSupport":0},{"sUrlCheminComplet":"https://fd7-photos.leclercdrive.fr/VisuelEchelle.ashx?Id=117&mindim=*MINDIM*","iIdSticker":31,"sTypeSticker":"ECHELLE","niNoVue":3301,"sUrlCheminFinal":"VisuelEchelle.ashx?Id=117&mindim=*MINDIM*","sTexteAlternatif":"","iIdMultiSupport":0},{"sUrlCheminComplet":"https://fd7-photos.leclercdrive.fr/VisuelEchelle.ashx?Id=120&mindim=*MINDIM*","iIdSticker":32,"sTypeSticker":"ECHELLE","niNoVue":3301,"sUrlCheminFinal":"VisuelEchelle.ashx?Id=120&mindim=*MINDIM*","sTexteAlternatif":"","iIdMultiSupport":0},{"sUrlAideEnLigne":"javascript:void(window.open(encodeURI('https://mgt.leclercdrive.fr/drive/legal/magasin-079111-Massy-Palaiseau/aide-en-ligne.aspx?sSelfService=29&iIdMarque=1'), '', 'width=870,height=750,toolbars=no,scrollbars=yes,status=no,resizable=yes'));","sUrlCheminComplet":"https://fd7-photos.leclercdrive.fr/image.ashx?id=2389083&use=nsc&cat=p&typeid=i&mindim=*MINDIM*","iIdSticker":33,"sTypeSticker":"NUTRISCORE","niNoVue":3301,"sUrlCheminFinal":"image.ashx?id=2389083&use=nsc&cat=p&typeid=i&mindim=*MINDIM*","sTexteAlternatif":"Nutri Score","sTooltipLibelle1":"La marque ne souhaite pas afficher ou donner les informations nécessaires au calcul du Nutri-Score.","iIdMultiSupport":0},{"sUrlAideEnLigne":"javascript:void(window.open(encodeURI('https://mgt.leclercdrive.fr/drive/legal/magasin-079111-Massy-Palaiseau/aide-en-ligne.aspx?sSelfService=29&iIdMarque=1'), '', 'width=870,height=750,toolbars=no,scrollbars=yes,status=no,resizable=yes'));","sUrlCheminComplet":"https://fd7-photos.leclercdrive.fr/image.ashx?id=1237707&use=nsc&cat=p&typeid=i&mindim=*MINDIM*","iIdSticker":34,"sTypeSticker":"NUTRISCORE","niNoVue":3301,"sUrlCheminFinal":"image.ashx?id=1237707&use=nsc&cat=p&typeid=i&mindim=*MINDIM*","sTexteAlternatif":"Nutri Score","sTooltipLibelle1":"Pour vous aider à mieux consommer, nous affichons le NUTRI-SCORE sur tous nos produits alimentaires éligibles.","iIdMultiSupport":0},{"sUrlAideEnLigne":"javascript:void(window.open(encodeURI('https://mgt.leclercdrive.fr/drive/legal/magasin-079111-Massy-Palaiseau/aide-en-ligne.aspx?sSelfService=29&iIdMarque=1'), '', 'width=870,height=750,toolbars=no,scrollbars=yes,status=no,resizable=yes'));","sUrlCheminComplet":"https://fd7-photos.leclercdrive.fr/image.ashx?id=1237708&use=nsc&cat=p&typeid=i&mindim=*MINDIM*","iIdSticker":35,"sTypeSticker":"NUTRISCORE","niNoVue":3301,"sUrlCheminFinal":"image.ashx?id=1237708&use=nsc&cat=p&typeid=i&mindim=*MINDIM*","sTexteAlternatif":"Nutri Score","sTooltipLibelle1":"Pour vous aider à mieux consommer, nous affichons le NUTRI-SCORE sur tous nos produits alimentaires éligibles.","iIdMultiSupport":0},{"sUrlAideEnLigne":"javascript:void(window.open(encodeURI('https://mgt.leclercdrive.fr/drive/legal/magasin-079111-Massy-Palaiseau/aide-en-ligne.aspx?sSelfService=29&iIdMarque=1'), '', 'width=870,height=750,toolbars=no,scrollbars=yes,status=no,resizable=yes'));","sUrlCheminComplet":"https://fd7-photos.leclercdrive.fr/image.ashx?id=1237709&use=nsc&cat=p&typeid=i&mindim=*MINDIM*","iIdSticker":36,"sTypeSticker":"NUTRISCORE","niNoVue":3301,"sUrlCheminFinal":"image.ashx?id=1237709&use=nsc&cat=p&typeid=i&mindim=*MINDIM*","sTexteAlternatif":"Nutri Score","sTooltipLibelle1":"Pour vous aider à mieux consommer, nous affichons le NUTRI-SCORE sur tous nos produits alimentaires éligibles.","iIdMultiSupport":0},{"sUrlCheminComplet":"https://fd7-photos.leclercdrive.fr/VisuelEchelle.ashx?Id=1617&mindim=*MINDIM*","iIdSticker":37,"sTypeSticker":"ECHELLE","niNoVue":3301,"sUrlCheminFinal":"VisuelEchelle.ashx?Id=1617&mindim=*MINDIM*","sTexteAlternatif":"","iIdMultiSupport":0},{"sUrlCheminComplet":"https://fd7-photos.leclercdrive.fr/VisuelEchelle.ashx?Id=910&mindim=*MINDIM*","iIdSticker":38,"sTypeSticker":"ECHELLE","niNoVue":3301,"sUrlCheminFinal":"VisuelEchelle.ashx?Id=910&mindim=*MINDIM*","sTexteAlternatif":"","iIdMultiSupport":0},{"sUrlCheminComplet":"https://fd7-photos.leclercdrive.fr/VisuelEchelle.ashx?Id=127&mindim=*MINDIM*","iIdSticker":39,"sTypeSticker":"ECHELLE","niNoVue":3301,"sUrlCheminFinal":"VisuelEchelle.ashx?Id=127&mindim=*MINDIM*","sTexteAlternatif":"","iIdMultiSupport":0},{"sUrlCheminComplet":"https://fd7-photos.leclercdrive.fr/VisuelEchelle.ashx?Id=509&mindim=*MINDIM*","iIdSticker":40,"sTypeSticker":"ECHELLE","niNoVue":3301,"sUrlCheminFinal":"VisuelEchelle.ashx?Id=509&mindim=*MINDIM*","sTexteAlternatif":"","iIdMultiSupport":0},{"sUrlCheminComplet":"https://fd7-photos.leclercdrive.fr/StickerPromo.ashx?type=100&val=10.00&unit=1&mindim=*MINDIM*&v=2","iIdSticker":41,"sTypeSticker":"TEL","niNoVue":3301,"sUrlCheminFinal":"StickerPromo.ashx?type=100&val=10.00&unit=1&mindim=*MINDIM*&v=2","sTexteAlternatif":"Tel","sTooltipLibelle1":"Recevez 10% en Ticket E.Leclerc","sTooltipLibelle2":"Offre réservée aux porteurs de la Carte E.Leclerc.<br/>Les bons d'achat seront cumulés sur votre Carte E.Leclerc lors de la phase finale du paiement.","ndDateDebut":"2023-04-10T00:00:00","ndDateFin":"2023-04-16T23:59:59","iIdMultiSupport":0},{"sUrlCheminComplet":"https://fd7-photos.leclercdrive.fr/VisuelEchelle.ashx?Id=118&mindim=*MINDIM*","iIdSticker":42,"sTypeSticker":"ECHELLE","niNoVue":3301,"sUrlCheminFinal":"VisuelEchelle.ashx?Id=118&mindim=*MINDIM*","sTexteAlternatif":"","iIdMultiSupport":0}]},"objProvenanceArticle":{"eOrigine":4,"eTypePage":1,"niIdElement":284557,"eVue":0,"sInformationsComplementaires":"uni-2"}});Utilitaires.widget.initOptions('ctl00_ctl00_mainMutiUnivers_main_ctl06_pnlPopinRecette',{"sNoPointLivraison":"079111","objProvenanceArticlePopinProduitIngredient":{"eOrigine":4,"eTypePage":1,"niIdElement":284557,"sTexteRecherche":"","eVue":9,"sInformationsComplementaires":"uni-2"},"sUrlPageRecette":"https://fd7-courses.leclercdrive.fr/magasin-079111-massy-palaiseau/recette-iIdRecette.aspx","tConfigurationAjax":{"AjouterRecette":{"type":5,"method":"POST","url":"https://fd7-courses.leclercdrive.fr/magasin-079111/panier-recette.aspx"},"PopinRecette":{"type":5,"method":"POST","url":"https://fd7-courses.leclercdrive.fr/magasin-079111/popin-recette.aspx"}}});Utilitaires.widget.initOptions('ctl00_ctl00_mainMutiUnivers_main_ctl07_pnlUpsellingLotHeterogene',{"objProvenanceArticle":{"eOrigine":4,"eTypePage":1,"niIdElement":284557,"eVue":4,"sInformationsComplementaires":"uni-2"}});Utilitaires.widget.initOptions('ctl00_ctl00_mainMutiUnivers_main_ctl08_pnlUpsellingPackPromo',{"objProvenanceArticle":{"eOrigine":4,"eTypePage":1,"niIdElement":284557,"eVue":4,"sInformationsComplementaires":"uni-2"}});Utilitaires.widget.initOptions('ctl00_ctl00_ctl11_pnlWDMA005_Communiques',{"lstCommuniques":[{"fAffichageAvecCadre":false,"fAffichageVertical":false,"fAfficherEnSavoirPlus":false,"fAuthentifierClient":false,"fImageCliquable":false,"fRedirectionPopup":false,"iHauteurElement":1080,"iIdClient":0,"iIdFonctionnalite":1,"iIdCommunique":0,"iIdForme":1,"iIdZone":7,"iLargeurElement":400,"iNbPartitionMax":1,"iOrdre":1,"sCodeMagasin":"079111","sCssComm":"WDMA005_CommUnique","sLibelleFonctionnalite":"DEFAUT","sTexteSurvol":"","sUrlContenuDeploye":"","sUrlImage":"https://fd7-photos.leclercdrive.fr/visuelopc.ashx?drv=False&fon=iSaisonnalite&vi=1192&ex=JPG","sUrlRedirection":"","fEstVignettage":false,"iIdVideo":-1,"sUrlApiVisuelSaisonnier":"https://api-mediacommunication.leclercdrive.fr/api_media/v1/communications/saisonnalites/videos/-1"}],"fAfficherErreurChargement":false,"fContexteHTTPS":true,"eUnivers":2,"sMsgHeaderPopinAuthentification":"Accès limité aux personnes autorisées. Veuillez vous identifier pour accéder à cette page.","sMsgErreur":"Service momentanément indisponible. <br /> Veuillez réessayer plus tard.","sEnSavoirPlus":"En savoir plus","sUrlTemplateErreur":"/_res/release/_html/tplWDMA005_Erreur.html?v=638119725120000000","sUrlTemplateHtml":"/_res/release/_html/tplWDMA002_CommHtml.html?v=638119725120000000","sUrlTemplateImage":"/_res/release/_html/main.html?v=638150863541207938"});Utilitaires.widget.initOptions('ctl00_ctl00_ctl12_pnlWDMA005_Communiques',{"lstCommuniques":[{"fAffichageAvecCadre":false,"fAffichageVertical":false,"fAfficherEnSavoirPlus":false,"fAuthentifierClient":false,"fImageCliquable":false,"fRedirectionPopup":false,"iHauteurElement":1080,"iIdClient":0,"iIdFonctionnalite":1,"iIdCommunique":0,"iIdForme":1,"iIdZone":8,"iLargeurElement":400,"iNbPartitionMax":1,"iOrdre":1,"sCodeMagasin":"079111","sCssComm":"WDMA005_CommUnique","sLibelleFonctionnalite":"DEFAUT","sTexteSurvol":"","sUrlContenuDeploye":"","sUrlImage":"https://fd7-photos.leclercdrive.fr/visuelopc.ashx?drv=False&fon=iSaisonnalite&vi=1193&ex=JPG","sUrlRedirection":"","fEstVignettage":false,"iIdVideo":-1,"sUrlApiVisuelSaisonnier":"https://api-mediacommunication.leclercdrive.fr/api_media/v1/communications/saisonnalites/videos/-1"}],"fAfficherErreurChargement":false,"fContexteHTTPS":true,"eUnivers":2,"sMsgHeaderPopinAuthentification":"Accès limité aux personnes autorisées. Veuillez vous identifier pour accéder à cette page.","sMsgErreur":"Service momentanément indisponible. <br /> Veuillez réessayer plus tard.","sEnSavoirPlus":"En savoir plus","sUrlTemplateErreur":"/_res/release/_html/tplWDMA005_Erreur.html?v=638119725120000000","sUrlTemplateHtml":"/_res/release/_html/tplWDMA002_CommHtml.html?v=638119725120000000","sUrlTemplateImage":"/_res/release/_html/main.html?v=638150863541207938"});Utilitaires.widget.initOptions('ctl00_ctl00_ucWCSD001_BandeauMultiUnivers_ctl00_ucSauvegarderDansListes_pnlSauvegarderDansListes',{"sUrlHandlerPanierMultiDansListes":"https://fd7-courses.leclercdrive.fr/magasin-079111/panier-multi-dans-listes.aspx","icoListeSucces":"/_res/release/_img/ascWCRS341_AjoutDansListe/icoListeSucces.gif?v=638150862400000000","texteDebut":"Votre panier a bien été ajouté aux listes suivantes : ","texteFin":"Vous pouvez retrouver vos listes dans votre Compte Client."});Utilitaires.widget.initOptions('ctl00_ctl00_ucWCSD001_BandeauMultiUnivers_ctl00_EnteteCartouchePanier_pnlEnteteCartouchePanier',{"objEnteteCartouchePanier":{"fMasquagePanierVide":true,"fMonoUnivers":true,"fForcerAffichageCompteurTel":false,"sTotalAPayer":"0,00 €","sMontantEconomies":"0,00 €","iQuantitePanier":0,"sType":"PaniersComplets","sId":"pscs","rMontantTel":0.0,"sIdUnique":"PaniersCompletspscs"},"sUrlDetailPanier":"https://fd7-courses.leclercdrive.fr/magasin-079111-Massy-Palaiseau/detail-panier.aspx"});Utilitaires.widget.initOptions('ctl00_ctl00_ucWCSD001_BandeauMultiUnivers_ctl00_CompteurTEL_Panel1',{"objPanierDrive":{"fEstPanierCourant":true,"fEstVide":true,"sNoPointLivraison":"079111","sType":"Panier","sId":"Panier079111","fSynchronisationPanierDriveAvecPanierCentral":false,"sCssUnivers":"univers-2","dModifDateHeure":"2023-02-26T14:20:23.67","dRechargementCompletDateHeure":"2023-02-26T14:20:23.67","ndDateHeureActualisationContexteBRD":"2023-04-11T10:36:32.938171+02:00","fClientPorteur":true,"lstProduitsLight":[],"iQuantitePanier":0,"sTotalHorsReductions":"0,00 €","sTotalAPayer":"0,00 €","rGainsBrii":0.0,"rMontantEconomies":0.0,"sMontantEconomies":"0,00 €","dTotalReductionBRD":0.0,"sTotalReductionBRD":"0,00 €","rMontantTEL":0.0,"fEstDrive":true,"sGainsTel":"0,00 €","rNBrNbArticlesMarqueRepereSurPalierSuivant":0.0,"rMontantAvantageMarqueRepereSurPalierSuivant":0.0,"fDernierPalierMRAtteint":false,"sDateProchainRetraitDisponible":"Aujourd'hui à 12h00","fAfficherTexteProduitIndispo":false,"fQuantiteDisponibleDepassee":false,"sLibelleEntetePanier":"DRIVE","iNbProduitIndisponible":0,"sIdUnique":"Panier079111"},"objPanierMultiUnivers":{"fMasquagePanierVide":true,"fMonoUnivers":true,"fForcerAffichageCompteurTel":false,"sTotalAPayer":"0,00 €","sMontantEconomies":"0,00 €","iQuantitePanier":0,"sType":"PaniersComplets","sId":"pscs","lstPanier":[{"fEstPanierCourant":true,"fEstVide":true,"sNoPointLivraison":"079111","sType":"Panier","sId":"Panier079111","fSynchronisationPanierDriveAvecPanierCentral":false,"sCssUnivers":"univers-2","dModifDateHeure":"2023-02-26T14:20:23.67","dRechargementCompletDateHeure":"2023-02-26T14:20:23.67","ndDateHeureActualisationContexteBRD":"2023-04-11T10:36:32.938171+02:00","fClientPorteur":true,"lstProduitsLight":[],"iQuantitePanier":0,"sTotalHorsReductions":"0,00 €","sTotalAPayer":"0,00 €","rGainsBrii":0.0,"rMontantEconomies":0.0,"sMontantEconomies":"0,00 €","dTotalReductionBRD":0.0,"sTotalReductionBRD":"0,00 €","rMontantTEL":0.0,"fEstDrive":true,"sGainsTel":"0,00 €","rNBrNbArticlesMarqueRepereSurPalierSuivant":0.0,"rMontantAvantageMarqueRepereSurPalierSuivant":0.0,"fDernierPalierMRAtteint":false,"sDateProchainRetraitDisponible":"Aujourd'hui à 12h00","fAfficherTexteProduitIndispo":false,"fQuantiteDisponibleDepassee":false,"sLibelleEntetePanier":"DRIVE","iNbProduitIndisponible":0,"sIdUnique":"Panier079111"}],"rMontantTel":0.0,"sIdUnique":"PaniersCompletspscs"},"fVisibiliteCompteurMR":false,"sNomPopInOpMarqueRepere":"WCRSxxx_OuverturePopinOpMarqueRepere"});Utilitaires.widget.initOptions('ctl00_ctl00_ucWCSD001_BandeauMultiUnivers_ctl00_pnlCartouchePanier',{"objCartouchePanier":{"lstElements":[{"objElement":{"fMasquagePanierVide":true,"fMonoUnivers":true,"fForcerAffichageCompteurTel":false,"sTotalAPayer":"0,00 €","sMontantEconomies":"0,00 €","iQuantitePanier":0,"sType":"PaniersComplets","sId":"pscs","lstPanier":[{"fEstPanierCourant":true,"fEstVide":true,"sNoPointLivraison":"079111","sType":"Panier","sId":"Panier079111","fSynchronisationPanierDriveAvecPanierCentral":false,"sCssUnivers":"univers-2","dModifDateHeure":"2023-02-26T14:20:23.67","dRechargementCompletDateHeure":"2023-02-26T14:20:23.67","ndDateHeureActualisationContexteBRD":"2023-04-11T10:36:32.938171+02:00","fClientPorteur":true,"lstProduitsLight":[],"iQuantitePanier":0,"sTotalHorsReductions":"0,00 €","sTotalAPayer":"0,00 €","rGainsBrii":0.0,"rMontantEconomies":0.0,"sMontantEconomies":"0,00 €","dTotalReductionBRD":0.0,"sTotalReductionBRD":"0,00 €","rMontantTEL":0.0,"fEstDrive":true,"sGainsTel":"0,00 €","rNBrNbArticlesMarqueRepereSurPalierSuivant":0.0,"rMontantAvantageMarqueRepereSurPalierSuivant":0.0,"fDernierPalierMRAtteint":false,"sDateProchainRetraitDisponible":"Aujourd'hui à 12h00","fAfficherTexteProduitIndispo":false,"fQuantiteDisponibleDepassee":false,"sLibelleEntetePanier":"DRIVE","iNbProduitIndisponible":0,"sIdUnique":"Panier079111"}],"rMontantTel":0.0,"sIdUnique":"PaniersCompletspscs"},"lstEnfants":[{"objElement":{"fEstPanierCourant":true,"fEstVide":true,"sNoPointLivraison":"079111","sType":"Panier","sId":"Panier079111","sCssUnivers":"univers-2","dModifDateHeure":"2023-02-26T14:20:23.67","dRechargementCompletDateHeure":"2023-02-26T14:20:23.67","ndDateHeureActualisationContexteBRD":"2023-04-11T10:36:32.938171+02:00","fClientPorteur":true,"lstProduitsLight":[],"iQuantitePanier":0,"sTotalHorsReductions":"0,00 €","sTotalAPayer":"0,00 €","rGainsBrii":0.0,"rMontantEconomies":0.0,"sMontantEconomies":"0,00 €","dTotalReductionBRD":0.0,"sTotalReductionBRD":"0,00 €","rMontantTEL":0.0,"fEstDrive":true,"sGainsTel":"0,00 €","rNBrNbArticlesMarqueRepereSurPalierSuivant":0.0,"rMontantAvantageMarqueRepereSurPalierSuivant":0.0,"fDernierPalierMRAtteint":false,"sDateProchainRetraitDisponible":"Aujourd'hui à 12h00","fAfficherTexteProduitIndispo":false,"fQuantiteDisponibleDepassee":false,"sLibelleEntetePanier":"DRIVE","iNbProduitIndisponible":0,"lstProduits":[],"lstBriis":[],"lstBrds":[],"lstCampagne":[],"lstRemiseVignette":[],"lstIdUniqueElementsTries":[],"sIdUnique":"Panier079111"},"lstEnfants":[]}]}]},"sUrlDetailPanier":"https://fd7-courses.leclercdrive.fr/magasin-079111-Massy-Palaiseau/detail-panier.aspx","sUrlValidation":"https://fd7-courses.leclercdrive.fr/magasin-079111-Massy-Palaiseau/recap-panier.aspx","sTextePanierSauvegarde":"Votre panier est automatiquement <span>sauvegardé</span>","objProvenanceArticle":{"eOrigine":4,"eTypePage":1,"niIdElement":284557,"eVue":3,"sInformationsComplementaires":"uni-2"}});Utilitaires.widget.initOptions('ctl00_ctl00_ucWCSD001_BandeauMultiUnivers_ctl01_pnlGestionStock',{"objProduit":{"sLibelleProduit":"","sUrlProduit":""},"sNoPointLivraison":"079111"});Utilitaires.widget.initOptions('ctl00_ctl00_ucWCSD001_BandeauMultiUnivers_ctl02_pnlCalendrier',{"sNoPointLivraison":"079111","sNoPointRetrait":"","ndDateMinTousProduits":"2023-04-11T00:00:00","ndDateMaxTousProduits":"2024-05-10T00:00:00","eUnivers":2});Utilitaires.widget.initOptions('ctl00_ctl00_ucWCSD001_BandeauMultiUnivers_ctl03_toolpinMemo_pnlToolpinMemo',{"fvueRechercheMemo":false,"sUrlWsServeurCentral":"https://www.lmemo.fr","sUrlPageMemo":"https://fd7-courses.leclercdrive.fr/magasin-079111-Massy-Palaiseau/recherche-memo.aspx?elementmemo={0}&elementrecherchememo={1}","sUrlPageAccueil":"https://fd7-courses.leclercdrive.fr/magasin-079111-Massy-Palaiseau.aspx","fClientConnecte":true,"iAutocompletionNbCaracteres":1,"iAutocompletionDelai":100,"sUrlHandlerTokenJson":"https://fd7-courses.leclercdrive.fr/recupererjsontoken.ashz"});//]]>
</script>
</form><script type="text/javascript" src="https://cdn.cookielaw.org/scripttemplates/otSDKStub.js" charset="UTF-8" data-domain-script="61eadab1-bbab-4d75-bcf0-79c42a7e4f16"></script>


<div id="ctl01_pnlTradeExterne">

</div>

<span role="status" aria-live="assertive" aria-relevant="additions" class="ui-helper-hidden-accessible"></span><div class="divWCTD011_LoaderPreview"></div><script type="text/html" id="templateCartouchePanier">
    <div id="divWCRS319_MultiPaniers" class="divWCRS319_MultiPaniers">
            <#= htmlPaniers #>
    </div>
</script>





<script type="text/html" id="templateCartouchePanierLigneArticle">
    <li id="<#=sUuid#>" class="<#= sCssQteMax #>" >
        <div class="divWCRS319_Produit clearfix" >
            <a href="#" data-id="divWXXXxxx_PopinProduit3" class="aWCRS319_Visuel" data-track-click="1">
			    <img	src="<#=sUrlVignetteProduit #>"
					    alt="<#=sLibelleLigne1 #> <#=sLibelleLigne2 #>" />
		    </a>
            <div class="divWCRS319_BlocDroite clearfix">
                <a href="#" data-id="divWXXXxxx_PopinProduit3" class="aWCRS319_Libelle" data-track-click="1">
				    <#=sLibelleLigne1 #> <#=sLibelleLigne2 #>
			    </a>
                <#= gererAffichageTypeProduit() #>
                <p class="pWCRS319_Prix">
			        <strong class="<#= gererClassPrixCartouchePanier() #>">
				        <#=sTotalAPayer #>
			        </strong>
		        </p>
            </div>
	    </div>
    </li>
</script>
<script type="text/html" id="templateCartouchePanierLigneArticleIndispo">
    <li id="<#=sUuid#>" class="liWCRS319_Unavailable clearfix">
        <img src="<#=sUrlVignetteProduit #>" alt="<#=sLibelleLigne1 #> <#=sLibelleLigne2 #>"><!-- whitespace
        --><p><#=sLibelleLigne1 #> <#=sLibelleLigne2 #></p><!-- whitespace
        --><div class="divWCRS319_UnavailableActions clearfix"><a href="#" class="aWCRS319_remove"><#= objLoc.texteRetirerPanier #></a><!-- whitespace
        --><p class="pWCRS319_Prix"><#= objLoc.texteProduitArrete #></p></div>
    </li>
</script>
<script type="text/html" id="templateCartouchePanierPlusUnMoinsUn">
    <div class="divWCRS319_ButtonAdd">
        <a class="aWCRS319_Less" href="_ajax/popinDeleteProduct.html" data-id="deleteProductPopin">-</a>
        <span class="spanWCRS319_count"><#=iQuantite #></span>
        <a class="aWCRS319_More" href="#plus">+</a>
    </div>
</script>
<script type="text/html" id="templateCartouchePanierBriiUnitaire">
    <li id="<#=sUuid#>" class="liWCRS319_itemBRII">
        <div class="divWCRS319_Top">
            <span class="spanWCRS319_Sticker rond imgWCRS310_BRII visible_<#= fBriiAffichageSticker #>" >
                <img src="<#= sUrlLogoBrii #>"  width="32" height="32" />
            </span>
            <p class="pWXXXxxx_promo"><#= gererAffichageEnteteBriiCartouchePanier() #></p>
        </div>
        <div class="divWCRS319_Bd">
            <ul>
                <#= htmlProduitBrii #>
            </ul>
        </div>
    </li>
</script>
<script type="text/html" id="templateCartouchePanierBriiHomo">
    <li id="<#= sUuid #>" class="liWCRS319_itemBRII">
        <div class="divWCRS319_Top">
            <span class="spanWCRS319_Sticker rond imgWCRS310_BRII visible_<#= fBriiAffichageSticker #>">
                <img src="<#= sUrlLogoBrii #>" width="32" height="32" />
            </span>
            <p class="pWXXXxxx_promo"><#= gererAffichageEnteteBriiCartouchePanier() #></p>
        </div>
        <div class="divWCRS319_Bd">
            <ul>
                <#= lstDOMContenuElements #>
            </ul>
        </div>
    </li>
</script>
<script type="text/html" id="templateCartouchePanierBriiHetero">
    <li id="<#=sUuid#>" class="liWCRS319_itemBRII liWCRS319_itemBRIIhetero">
        <div class="divWCRS319_Top">
             <span class="spanWCRS319_Sticker rond imgWCRS310_BRII visible_<#= fBriiAffichageSticker #>">
                <img src="<#= sUrlLogoBrii #>" width="32" height="32"/>
            </span>
                 <p class="pWXXXxxx_promo"><#= gererAffichageEnteteBriiCartouchePanier() #></p>
        </div>
        <div class="divWCRS319_Bd">
            <ul>
                <#= htmlElementsProduits #>
            </ul>
            <div class="divWCRS319_Footer">
                <p class="pWCRS319_Prix"><strong><#= objLoc.texteEnteteLotBRIIEtBRDPrixLot #><#= sTotalAPayer #></strong></p>
            </div>
        </div>
    </li>
</script>
<script type="text/html" id="templateCartouchePanierRemiseVignette">
    <li id="<#=sUuid#>" class="liWCRS319_itemBRII liWCRS319_itemRemiseVignette">
        <div class="divWCRS319_Top">
            <p class="pWXXXxxx_promo"><#= gererAffichageEnteteRemiseVignetteCartouchePanier() #></p>
        </div>
        <div class="divWCRS319_Bd">
            <ul>
                <#= htmlProduitRemiseVignette #>
            </ul>
        </div>
    </li>
</script>
<script type="text/html" id="templateCartouchePanierLigneBRD">
    <li id="<#=_sUuid#>" class="<#= RecupererClassCssBrd() #>">
        <div class="divWCRS319_Top visible_<#= fAfficherBrd() #>">
            <img src="<#= _sUrlSticker #>" width="35" height="35" />
            <p class="pWCRS319_EntetesBRD"><#= _sTexteValeurFaciale #></p>
        </div>
        <div class="divWCRS319_Bd">
            <ul>
                <#= _sHtmlVignettesProduits #>
            </ul>
            <div class="divWCRS319_Footer visible_<#= fAfficherBrd() #>">

                <p class="pWCRS319_Prix"><strong><#= _objLoc.texteEnteteLotBRIIEtBRDPrixLot #><#= _sTotalAPayer #></strong></p>

            </div>

        </div>

    </li>
</script>

<script type="text/html" id="templatePanier">
    <div class="divWCRS319_ScrollPane">
        <dl id="<#=sUuid#>" class="dlWCRS319_PanierUnivers">
            <dt class="dtWCRS319_Panier <#=sClasseUniversPanier#>">
                <span class="spanWCRS319_Notification"><#= iQuantitePanier#></span>
                <span class="spanWCRS319_Montant"><#=sLibelleEntetePanierCapitalize()#> : </span>
                <strong class="<#= gererClassPrixTotalAPayer() #> strongWCRS319_Montant"><#= sTotalAPayer#></strong>
                <a href="#" class="aWCRS319_TogglePanier">&nbsp;</a>
            </dt>
            <dd class="ddWCRS319_Produits">
                <ul id="ulWCRS319_Produits" class="ulWCRS319_Produits">
                    <#= htmlVignettesRayons #>
                </ul>
            </dd>
        </dl>
    </div>
</script>

<script type="text/html" id="templateEnteteCartouchePanier">
    <header class="headerWCRS381_EnTetePanier">
        <a href="<#= sUrlDetailPanier#>" class="aWCRS381_Montant">
	        <span class="spanWCRS381_Notification"><#= iQuantitePanier#></span>
	        <span class="spanWCRS381_Montant"><#= objLoc.texteEnteteCartouchePanier #> : </span>
          <strong class="strongWCRS381_Montant"><#= sTotalAPayer#></strong>
        </a>
    </header>
</script>





<script type="text/html" id="templateCartouchePanierLigneArticleMenu">
    <li id="<#=sUuid#>" class="<#= sCssQteMax #>" >
        <div class="divWCRS319_Produit clearfix" >
            <a href="#" data-id="divWXXXxxx_PopinProduit3" class="aWCRS319_Visuel" data-track-click="1">
			    <img	src="<#=sUrlVignetteProduit #>"
					    alt="<#=sLibelleLigne1 #> <#=sLibelleLigne2 #>" />
		    </a>
            <div class="divWCRS319_BlocDroite clearfix">
                <a href="#" data-id="divWXXXxxx_PopinProduit3" class="aWCRS319_Libelle" data-track-click="1">
				    <#=sLibelleLigne1 #> <#=sLibelleLigne2 #>
			    </a>
                <#= gererAffichageTypeProduit() #>
                <p class="pWCRS319_Prix">
			        <strong class="<#= gererClassPrixCartouchePanier() #>">
				        <#=sTotalAPayer #>
			        </strong>
		        </p>
            </div>
	    </div>
    </li>
</script>
<script type="text/html" id="templateCartouchePanierAComposer">
    <div class="divWCRS319_Panier <#= recupererCssPourLePanier() #>">
        <div class="divWCRS319_BlocNombreCommande">
            <span class="spanWCRS319_CountMenu"><#= iQuantite #></span>
            <a class="bouton bouton-orange aWCRS319_Edit" href="<#= sUrlPageProduit #>" ></a>
        </div>
    </div>
</script>
<script type="text/html" id="templateCartouchePanierCampagneHetero">
    <li id="<#=sUuid#>" class="liWCRS319_itemBRII liWCRS319_itemBRIIhetero">
        <div class="divWCRS319_Top">
            <span class="spanWCRS319_Sticker rond imgWCRS310_BRII visible_<#= fBriiAffichageSticker #>">
                <img src="<#= sUrlLogoCoupon #>" width="32" height="32" />
            </span>
            <p class="pWXXXxxx_promo"><#= gererAffichageEnteteCouponCartouchePanier() #></p>
        </div>
        <div class="divWCRS319_Bd">
            <ul>
                <#= htmlProduitCouponne #>
            </ul>
            <div class="divWCRS319_Footer">
                <p class="pWCRS319_Prix"><strong><#= objLoc.texteEnteteLotBRIIEtBRDPrixLot #><#= sTotalAPayer #></strong></p>
            </div>
        </div>
    </li>
</script>
<script type="text/html" id="templateCartouchePanierCampagneHomo">
    <li id="<#= sUuid#>" class="liWCRS319_itemBRII">
        <div class="divWCRS319_Top">
            <span class="spanWCRS319_Sticker rond imgWCRS310_BRII">
                <img src="<#= sUrlLogoCoupon #>" width="32" height="32" />
            </span>
            <p class="pWXXXxxx_promo"><#= gererAffichageEnteteCouponCartouchePanier() #></p>
        </div>
        <div class="divWCRS319_Bd">
            <ul>
                <#= htmlProduitCouponne #>
            </ul>
        </div>
    </li>
</script>
<script type="text/html" id="templateCartouchePanierCoupon">
    <li id="<#= sUuid #>" class="liWCRS319_itemBRII">
        <div class="divWCRS319_Top">
            <span class="spanWCRS319_Sticker rond imgWCRS310_BRII" >
                <img src="<#= sUrlLogoCoupon #>"  width="32" height="32" />
            </span>
            <p class="pWXXXxxx_promo"><#= gererAffichageEnteteCouponCartouchePanier() #></p>
        </div>
        <div class="divWCRS319_Bd">
            <ul>
                <#= htmlProduitCouponne #>
            </ul>
        </div>
    </li>
</script>
<script type="text/html" id="templatePopinStockInsuffisant">
    <div id="divWXXXxxx_PopinStock" class="divWXXXxxx_PopupBlock divWXXXxxx_PopinStock" >
      <img src="<#=sUrlProduit #>" alt="<#=sLibelleProduit #>" class="imgWXXXxxx_AlignLeft" width="165" height="165">
      <p><#=textePopinStockInsuffisantIntro #></p>
      <p><#=textePopinStockInsuffisantParag1 #></p>
      <p><#=textePopinStockInsuffisantParag2 #></p>
    </div>
</script>
<script type="text/html" id="templatePopinStockRisque">
    <div id="divWXXXxxx_PopinStock" class="divWXXXxxx_PopupBlock divWXXXxxx_PopinStock" >
        <img src="<#=sUrlProduit #>" alt="<#=sLibelleProduit #>" class="imgWXXXxxx_AlignLeft" width="165" height="165">
        <p><#=textePopinStockRisqueParag1 #>
        <p><#=textePopinStockRisqueParag2 #></p>
        <ul class="ulWXXXxxx_Choice">
    	    <li><a class="bouton bouton-bleu aWCRS345_Aujourdhui" href="#"><#=textePopinStockRisqueBtnAujourdhui #></a></li>
          <li><a class="bouton bouton-bleu aWCRS345_AutreJour" href="#"><#=textePopinStockRisqueBtnPlusTard #></a></li>
        </ul>
     </div>
</script>
<script type="text/html" id="templateBarreOutilsVignettes">
    <div class="divWCRS310_Outils <#= (NbOutils>1 ? '' : 'solo' )#>">
        <ul class="ulWCRS310_Outils">
           <#= outilsRenduHtml #>
        </ul>
        <a class="spanWCRS310_Fleche" title="<#= tooltip #>" href="#">&nbsp;</a>
    </div>
</script>
<script type="text/html" id="templateOutilAjouterAListe">
    <li>
        <a href="<#= sUrl #>" class="<#= fAppartientAUneListe ? 'aWCRS310_Added2List' : 'aWCRS310_Add2List' #>" title="<#= sTitre #>"><#= sLibelle #><span>&nbsp;</span></a>
    </li>
</script>
<script type="text/html" id="templateOutilVoirRayon">
    <li>
        <a href="<#= sUrl #>" class="aWCRS310_VoirRayon" title="<#= sTitre #>"><#= sLibelle #><span>&nbsp;</span></a>
    </li>
</script>
<script type="text/html" id="templateOutilSuppressionProduitHabituel">
    <li>
        <a href="<#= sUrl #>" class="aWCRS310_RemoveList" title="<#= sTitre #>"><#= sLibelle #><span>&nbsp;</span></a>
    </li>
</script>
<script type="text/html" id="templateOutilSuggererProduit">
    <li>
        <a href="#" class="aWCRS310_SuggererProduit" title="<#= sTitre #>"><#= sLibelle #><span>&nbsp;</span></a>
    </li>
</script>
<script type="text/html" id="templateEnveloppeToolTip">
    <div class="divWCRS310_Tooltip <#= sCssClass #>" data-tooltip="<#= sTypeTooltip #>" >
        <#= sContenu #>
    </div>
</script>

<script type="text/html" id="templateTooltipEcoParticpation">
    <p class="pWCRS310_ContenuTooltip">
        <strong><#= sTexteEcoParticipationPrix #></strong>
        <#= objLocProduit.texteEcoParticipationDescription #>
    </p>
    <span class="spanWCRS310_Accroche">&nbsp;</span>
</script>
<script type="text/html" id="templateTooltipAcheterUnLot">
    <p class="pWCRS310_ContenuTooltip">
        <#= sTexteTooltipLot #>
    </p>
    <span class="spanWCRS310_Accroche"></span>
</script>
<script type="text/html" id="templateTooltipQteMax">
    <p class="pWCRS310_ContenuTooltip">
            <#= iQteDisponible==0 ? objLocProduit.texteTooltipQteMQxBientotDispo : objLocProduit.texteTooltipQteMQxDispo(iQteDisponible) #>
    </p>
    <span class="spanWCRS310_Accroche"></span>
</script>
<script type="text/html" id="templateToolTipStickerTexte">
    <p class="pWCRS310_ContenuTooltip" >
        <# if(sLibelle_1) { #>
        <strong><#= sLibelle_1 #></strong>
       <# } #>

        <# if (sLibelle_2 != null && sLibelle_2 != "") { #>
            <# if(sLibelle_1) { #>
            <br />
            <# } #>
            <#= sLibelle_2 #><br />
        <# } #>

        <# if (sUrlRedirect != null && sUrlRedirect != "" && texteLienAction != null && texteLienAction != "" && sUrlRedirect.includes("jpg")) { #>
            <br /><a target="_blank" href="<#= sUrlRedirect #>" <#= (sUrlRedirect) ? 'style="cursor: pointer;"' : '' #>><#= texteLienAction #>&nbsp; &gt;</a>
        <# } else if (sUrlRedirect !=null && sUrlRedirect !="" && texteLienAction !=null && texteLienAction !="") { #>
            <br /><a href="<#= sUrlRedirect #>" <#= (sUrlRedirect) ? 'style="cursor: pointer;"' : '' #>><#= texteLienAction #>&nbsp; &gt;</a>
        <# } #>
    </p>
    <span class="spanWCRS310_Accroche <#= sAccrocheCssClass #>"></span>
</script>


<script type="text/html" id="templateToolTipStickerImage">
    <img src="<#= sUrlImageTooltipSticker.replace("*MINDIM*", 120) #>" alt="<#= sStickerAltText #>"  />
</script>

<script type="text/html" id="templateTooltipComposerUnLot">
    <p class="pWCRS310_ContenuTooltip">
        <#= sTexteTooltipLot #>
    </p>
    <span class="spanWCRS310_Accroche"></span>
</script>
<script type="text/html" id="templateEnveloppeToolTipSticker">
    <div class="divWCRS310_Tooltip divWCRS310_Tooltip_<#= sCssClass #>" data-tooltip2=<#= sTypeTooltip #> data-idsticker=<#= iIdSticker #>>
        <#= sContenu #>
    </div>
</script>

<script type="text/html" id="templateTooltipOrigine">
    <p class="pWCRS310_ContenuTooltip">
        <#= sOrigineZoneDepeche #>
    </p>
</script>
<script type="text/html" id="templateTooltipQteMaxPanier">
    <p class="pWCRS310_ContenuTooltip">
        <# if (iQteMaxPanier > 1) { #>
            <#= objLocProduit.texteTooltipQteMaxPaniers(iQteMaxPanier) #>
        <# } else { #>
            <#= objLocProduit.texteTooltipQteMaxPanier(iQteMaxPanier) #>
        <# } #>
    </p>
    <span class="spanWCRS310_Accroche"></span>
</script>
<script type="text/html" id="templateRecetteImage">
    <li class="liWCRS310_Product liWCRS310_Recette" id="<#=sUuid#>" data-vignette="recette">
        <a class="aWCRS310_FlashRecette" href="<#= sUrlPageRecette #>" >
            <img src="<#= sUrlImageRecette #>" alt="<#= sAltTexteImageRecette #>">
        </a>
    </li>
</script>
<script type="text/html" id="templatePlusUnMoinsUn">
    <div class="divWCRS310_Panier <#= recupererCssPourLePanier() #>">
        <a id="sLibellePictoAjouterProduit" href="#" class="aWCRS310_Add" data-track-id="1"><#=sLibellePictoAjouterProduit #></a>
        <div class="divWCRS310_BlocIncrementerDecrementer">
            <a href="#minus" class="aWCRS310_Less" data-track-id="2">-</a> <span id="spanWCRS310Quantite" class="spanWCRS310_count"><#= iQuantite #></span>
            <a href="#plus" class="aWCRS310_More" data-track-id="1" <#= fQteMaximalePanierAtteinte && !fQteMaximaleAtteinte? 'data-tooltip=QteMaxPanier' : (fQteMaximaleAtteinte? 'data-tooltip=QteMax': '') #> >+</a>
        </div>
    </div>
</script>
<script type="text/html" id="templateOperationTG">
    <li class="liWMKP001_TeteGondole   <#= sCssTG #> " id="<#=sUuid#>" data-trade="tg">
        <ul class="ulWMKP001_TG ul<#= sCssTG #> nbProduit<#= nbProduit #>">
            <li class="liWMKP001_TGHead">
                <img src="<#= sUrlImgEnteteTG #>" alt="<#= sTexteAlternatifImgTG #>" width="198" height="298">
            </li>
            <#= lstDOMContenuElements #>
        </ul>
    </li>
</script>
<script type="text/html" id="templateVignetteDisponible">
    <li class="liWCRS310_Product <#= gererAffichageClassLI() #> <#= sCssPlacementGrille #> <#= sCssTG #> <#= sCssQteMax #> " id="<#=sUuid#>" data-vignette="disponible">
        <div class="divWCRS310_Bordure"></div>
        <div class="divWCRS310_Content">
            <a class="aWCRS310_Product">
                <img src="<#=sUrlVignetteProduit #>" alt="<#=sLibelleLigne1 #>" width="165" height="165" />
            </a>
            <#= gererAffichageLotHeterogene() #>
            <#= gererAffichageLotHomogene() #>
                <!-- Ajout du html concernant le plus un moins un ou A composer suivant le type du produit -->
            <#= gererAffichageTypeProduit() #>

            <div class="divWCRS310_PrixUnitaire">
                <p class="pWCRS310_PrixUnitairePartieEntiere">
                    <#= gererAffichagePrixUnitairePartieEntiere() #>
                </p>
                <p class="pWCRS310_SigleMonetaire">
                   <#= objLoc.sigleMonetaire #>
                </p>
                <p class="pWCRS310_PrixUnitairePartieDecimale">
                    <#= gererAffichagePrixUnitairePartieDecimale() #>
                </p>
            </div>
            <div>
            <# if (nrMontantEcoParticipation == null) { #>
                <p class="pWCRS310_PrixUniteMesure">
                    <#= gererAffichagePrixUniteMesure() #>
                </p>
            <# } else { #>
                <p class="pWCRS310_EcoParticipation" data-tooltip="EcoParticipation">
                    <#= objLocProduit.texteEcoParticipationLibelle #>
                </p>
            <# } #>
            </div>

            <span class="spanWCRS310_Clear"></span>
            <p class="pWCRS310_Desc">
                <a class="aWCRS310_Product"><#=sLibelleLigne1 #><br>
                    <#=sLibelleLigne2 #>
                </a>

                <# if (sOrigineZoneDepeche != null && sOrigineZoneDepeche != '') { #>
                    <span class="spanWCRS310_Origine" data-tooltip="Origine"><#= sOrigineZoneDepeche #></span>
                <# } else { #>
                    <span class="spanWCRS310_ContenanceInfo"><#= nrContenanceSecondaireValeur #> <#= sContenanceSecondaireUnite #></span>
                <# } #>
            </p>
            <#= gererAffichageMentions() #>
            <#= sHtmlElementZone #>
        </div>
        <#= gererAffichageBarreOutil() #>

        <p class="pWCRS310_HomogeneSucces visible_false"></p>
        <p class="pWCRS310_QteMinPanierAtteinte visible_false"></p>

    </li>
</script>

<script type="text/html" id="templateVignetteBientotDisponible">
    <li class="liWCRS310_Product liWCRS310_Unavailable" id="<#=sUuid#>" data-vignette="bientotDisponible" >
        <div class="divWCRS310_Content">
            <img src="<#=sUrlVignetteProduit #>" alt="<#=sLibelleLigne1 #>" width="165" height="165" />
            <p class="pWCRS310_Info">
                <#=objLocProduit.texteBientotDisponible #></p>
		    <p>
                <a href="#" class="aWCRS310_Substitute bouton bouton-substitution visible_<#= fProduitSubstitution#>" data-track="37100"><#= objLocProduit.texteLienProduitSubstitution #></a></p>

            <div class="divWCRS310_PrixUnitaire visible_<#= fAfficherPrixUnitaire #>">
                <p class="pWCRS310_PrixUnitairePartieEntiere">
                    <#= gererAffichagePrixUnitairePartieEntiere() #>
                </p>
                <p class="pWCRS310_SigleMonetaire">
                   <#= objLoc.sigleMonetaire #>
                </p>
                <p class="pWCRS310_PrixUnitairePartieDecimale">
                    <#= gererAffichagePrixUnitairePartieDecimale() #>
                </p>
            </div>

            <p class="pWCRS310_PrixUniteMesure visible_<#= fAfficherPrixParUniteMesure #>"><#= sPrixParUniteDeMesure #></p>
            <p class="pWCRS310_Desc">
                <a class="aWCRS310_Product aWCRS310_ProductDisabled">
                    <#=sLibelleLigne1 #><br>
                    <#=sLibelleLigne2 #>
                </a>
                <# if (sOrigineZoneDepeche !=null && sOrigineZoneDepeche !='' ) { #>
                    <span class="spanWCRS310_Origine" data-tooltip="Origine"><#= sOrigineZoneDepeche #></span>
                <# } #>
            </p>
            <#= sHtmlElementZone #>
        </div>

        <#= gererAffichageBarreOutil() #>

    </li>
</script>
<script type="text/html" id="templateVignetteVide">
    <li class="liWCRS310_Product <#= sCssPlacementGrille #>" id="<#=sUuid#>" data-vignette="vide"  >
        <div class="divWCRS310_Content">
            <# /* Affichage du libellé pour permettre les recherches même si le produit n'est
            pas affiché */ #> <span><#=sLibelleLigne1 #></span><br />
        </div>
    </li>
</script>
<script type="text/html" id="templateVignetteArrete">
    <li class="liWCRS310_Product liWCRS310_Unavailable" id="<#=sUuid#>" data-vignette="arrete">
        <div class="divWCRS310_Content">
            <img src="<#=sUrlVignetteProduit #>" alt="<#=sLibelleLigne1 #>" width="165" height="165" />
            <p class="pWCRS310_Info"><#= objLocProduit.texteProduitArrete #></p>
            <p>
                <a href="#" class="aWCRS310_Substitute bouton bouton-substitution visible_<#= fProduitSubstitution#>" data-track="37101"><#= objLocProduit.texteLienProduitSubstitution #></a>
            </p>
            <div class="divWCRS310_PrixUnitaire visible_<#= fAfficherPrixUnitaire #>">
                <p class="pWCRS310_PrixUnitairePartieEntiere">
                    <#= gererAffichagePrixUnitairePartieEntiere() #>
                </p>
                <p class="pWCRS310_SigleMonetaire">
                    <#= objLoc.sigleMonetaire #>
                </p>
                <p class="pWCRS310_PrixUnitairePartieDecimale">
                    <#= gererAffichagePrixUnitairePartieDecimale() #>
                </p>
            </div>
            <p class="pWCRS310_PrixUniteMesure visible_<#= fAfficherPrixParUniteMesure #>"><#= sPrixParUniteDeMesure #></p>
           <p class="pWCRS310_Desc">
                <a class="aWCRS310_Product aWCRS310_ProductDisabled">
                    <#=sLibelleLigne1 #><br>
                    <#=sLibelleLigne2 #>
                </a>
                <# if (sOrigineZoneDepeche !=null && sOrigineZoneDepeche !='' ) { #>
                    <span class="spanWCRS310_Origine" data-tooltip="Origine"><#= sOrigineZoneDepeche #></span>
                <# } #>
            </p>
            <#= sHtmlElementZone #>
        </div>
        <#= gererAffichageBarreOutil() #>
    </li>
</script>

<script type="text/html" id="templateVignetteCrossUp">

    <li class="liWCRS310_Product  crossUpselling <#= cssTypeUpselling #> <#= sCssQteMax #> " id="<#=sUuid#>" data-vignette="crossUpselling" >
     <!--
         data-vignette=crossUpselling est utilisé dans le cas de la suppresion d'un produit habituel

         deguste
         utilise
         delicieux
         bonPlan

         -->
        <div class="divWCRS310_CrossUpFleche"></div>
        <div class="divWCRS310_Bordure"></div>
        <div class="divWCRS310_Content" >
            <a  class="aWCRS310_Product">
               <img src="<#=sUrlVignetteProduit #>" alt="<#=sLibelleLigne1 #>" width="165" height="165" />
            </a>
                 <!-- Ajout du html concernant le plus un moins un -->
                <#= sPlusUnMoinsHtml #>

            <div class="divWCRS310_PrixUnitaire visible_<#= fAfficherPrixUnitaire #>">
                <p class="pWCRS310_PrixUnitairePartieEntiere">
                    <#= gererAffichagePrixUnitairePartieEntiere() #>
                </p>
                <p class="pWCRS310_SigleMonetaire">
                   <#= objLoc.sigleMonetaire #>
                </p>
                <p class="pWCRS310_PrixUnitairePartieDecimale">
                    <#= gererAffichagePrixUnitairePartieDecimale() #>
                </p>
            </div>

            <# if (nrMontantEcoParticipation == null) { #>
                <p class="pWCRS310_PrixUniteMesure">
                    <#= gererAffichagePrixUniteMesure() #>
                </p>
            <# } else { #>
                <p class="pWCRS310_EcoParticipation" data-tooltip="EcoParticipation">
                    <#= objLocProduit.texteEcoParticipationLibelle #>
                </p>
            <# } #>

            <span class="spanWCRS310_Clear"></span>
            <p class="pWCRS310_Desc">
                <a  class="aWCRS310_Product">
                    <#=sLibelleLigne1 #><br><#=sLibelleLigne2 #>
                </a>
                <span class="spanWCRS310_Origine"><#= sOrigineZoneDepeche #></span>
            </p>

            <#= sHtmlElementZone #>

        </div>
        <#= sHtmlelementBarreOutil #>

        <p class="pWCRS310_HomogeneSucces visible_false" ></p>
        <p class="pWCRS310_QteMinPanierAtteinte visible_false"></p>
    </li>
</script>
<script type="text/html" id="templateVignetteGroupeVariantes">
    <li class="liWCRS312_GroupeVariante <#= gererAffichageClassLI() #> <#= sCssPlacementGrille #> <#= sCssTG #> <#= sCssQteMax #> " id="<#=sUuid#>" data-vignette="disponible">
        <div class="divWCRS312_Bordure"></div>
        <div class="divWCRS312_Content">
            <a class="aWCRS312_Product">
                <img src="<#=sUrlVignetteGroupeVariante #>" alt="<#=sLibelleLigne1 #>" width="165" height="165" />
            </a>
            <#= gererAffichageLotHeterogene() #>
            <#= gererAffichageLotHomogene() #>

            <#= gererAffichageBoutonChoisir() #>

            <div class="divWCRS312_PrixUnitaire">
                <p class="pWCRS312_PrixUnitairePartieEntiere">
                    <#= gererAffichagePrixUnitaireVariantesPartieEntiere() #>
                </p>
                <p class="pWCRS312_SigleMonetaire">
                    <#= objLoc.sigleMonetaire #>
                </p>
                <p class="pWCRS312_PrixUnitairePartieDecimale">
                    <#= gererAffichagePrixUnitaireVariantesPartieDecimale() #>
                </p>
            </div>

            <# if (nrMontantEcoParticipation == null) { #>
                <p class="pWCRS312_PrixUniteMesure">
                    <#= gererAffichagePrixUniteMesure() #>
                </p>
            <# } else { #>
                <p class="pWCRS312_EcoParticipation" data-tooltip="EcoParticipation">
                    <#= objLocGroupeVariante.texteEcoParticipationLibelle #>
                </p>
            <# } #>

            <span class="spanWCRS312_Clear"></span>
            <p class="pWCRS312_Desc">
                <a class="aWCRS312_Product"><#=sLibelleLigne1 #><br>
                    <#=sLibelleLigne2 #>
                </a>

                <# if (sOrigineZoneDepeche != null && sOrigineZoneDepeche != '') { #>
                    <span class="spanWCRS312_Origine"><#= sOrigineZoneDepeche #></span>
                <# } else { #>
                    <span class="spanWCRS312_ContenanceInfo"><#= nrContenanceSecondaireValeur #> <#= sContenanceSecondaireUnite #></span>
                <# } #>
            </p>

            <#= sHtmlElementZone #>
        </div>
        <#= gererAffichageBarreOutil() #>

        <p class="pWCRS312_HomogeneSucces visible_false"></p>
        <p class="pWCRS312_QteMinPanierAtteinte visible_false"></p>
    </li>

</script>


<script type="text/html" id="templateZonesStickerVignette">
    <div class="divWCRS310_HG divWCRS310_ZonesStickerVignette">
        <# var lstStickersAAfficher=StickersZone(10101);
           for (var i=0; i < lstStickersAAfficher.length && i<1; i++)
            { #>
                <img src="<#= RetaillerSticker(lstStickersAAfficher[i].Sticker, 48).sUrlCheminComplet #>" alt="<#= lstStickersAAfficher[i].Sticker.sTexteAlternatif #>" <#= TypeTooltip(lstStickersAAfficher[i].Sticker) #> data-idsticker="<#= lstStickersAAfficher[i].Sticker.iIdSticker #>" data-typesticker="<#= lstStickersAAfficher[i].Sticker.sTypeSticker #>" />
        <# } #>
    </div>
    <div class="divWCRS310_MG divWCRS310_ZonesStickerVignette <#= ClasseCssavecCorner() #> ">
        <# var lstStickersAAfficher=StickersZone(10102);
           for (var i=0; i < lstStickersAAfficher.length; i++)
            {
                var iTaille = 33;
                if(lstStickersAAfficher[i] && lstStickersAAfficher[i].Sticker && (lstStickersAAfficher[i].Sticker.sTypeSticker == 'QUALITE'||lstStickersAAfficher[i].Sticker.sTypeSticker == 'DELAIS_DIFFERENCIES')){
                    iTaille = 25;
        #>
                <img src="<#= RetaillerSticker(lstStickersAAfficher[i].Sticker, iTaille).sUrlCheminComplet #>" alt="<#= lstStickersAAfficher[i].Sticker.sTexteAlternatif #>" data-tooltip2="StickerTexte" data-idsticker="<#= lstStickersAAfficher[i].Sticker.iIdSticker #>" data-typesticker="<#= lstStickersAAfficher[i].Sticker.sTypeSticker #>"/>

        <# }
            else{
         #>
                <img src="<#= RetaillerSticker(lstStickersAAfficher[i].Sticker, iTaille).sUrlCheminComplet #>" alt="<#= lstStickersAAfficher[i].Sticker.sTexteAlternatif #>"/>
        <# }
            } #>
</div>
    <div class="divWCRS310_BG divWCRS310_ZonesStickerVignette">
        <# var lstStickersAAfficher=StickersZone(10103);
           for (var i=0; i < lstStickersAAfficher.length && i<1; i++)
            { #>
                <img src="<#= RetaillerSticker(lstStickersAAfficher[i].Sticker, 10).sUrlCheminComplet #>" alt="<#= lstStickersAAfficher[i].Sticker.sTexteAlternatif #>" />
        <# } #>
    </div>
    <div class="divWCRS310_TD divWCRS310_ZonesStickerVignette">
        <# var lstStickersAAfficher=StickersZone(10104);
           for (var i=0; i < lstStickersAAfficher.length; i++)
           {
                if (lstStickersAAfficher[i].Sticker.sTypeSticker != 'VARIANTE')
                {
        #>
                    <a href="#" class="aWCRS310_PlusieursVarietes aWCRS310_ComposerUnLot"><img src="<#= RetaillerSticker(lstStickersAAfficher[i].Sticker,25).sUrlCheminComplet #>" alt="<#= lstStickersAAfficher[i].Sticker.sTexteAlternatif #>" /></a>
        <#      }
                else
                {
        #>
                    <a href="#" class="aWCRS310_PlusieursVarietes aWCRS310_Variante"><img src="<#= RetaillerSticker(lstStickersAAfficher[i].Sticker,25).sUrlCheminComplet #>" alt="<#= lstStickersAAfficher[i].Sticker.sTexteAlternatif #>" /></a>
        <#
                }
           }
        #>
    </div>
    <div class="divWCRS310_HD divWCRS310_ZonesStickerVignette">
        <# var lstStickersAAfficher=StickersZone(10105);
           for (var i=0; i < lstStickersAAfficher.length; i++)
            { #>
                <img class="<#= ClasseCssPictoBRD() #>" src="<#= RetaillerSticker(lstStickersAAfficher[i].Sticker,41).sUrlCheminComplet #>" alt="<#= lstStickersAAfficher[i].Sticker.sTexteAlternatif #>" data-tooltip2="StickerTexte" data-idsticker="<#= lstStickersAAfficher[i].Sticker.iIdSticker #>" data-typesticker="<#= lstStickersAAfficher[i].Sticker.sTypeSticker #>"/>
        <# } #>
    </div>
    <div class="divWCRS310_BD divWCRS310_ZonesStickerVignette">
        <# var lstStickersAAfficher=StickersZone(10106);
           for (var i=0; i < lstStickersAAfficher.length; i++ )
            {
                if (lstStickersAAfficher[i].Sticker.sTypeSticker == 'FRAICHEUR')
                {
            #>
                    <img src="<#= RetaillerSticker(lstStickersAAfficher[i].Sticker, 25).sUrlCheminComplet #>" alt="<#= lstStickersAAfficher[i].Sticker.sTexteAlternatif #>" />
        <# }
           else
           {
        #>
           <img src="<#= RetaillerSticker(lstStickersAAfficher[i].Sticker, 46).sUrlCheminComplet #>" alt="<#= lstStickersAAfficher[i].Sticker.sTexteAlternatif #>" />
        <# }
          }
          #>
    </div>
    <div class="divWCRS310_BGH divWCRS310_ZonesStickerVignette">
        <# var lstStickersAAfficher=StickersZone(10107);
           for (var i=0; i < lstStickersAAfficher.length; i++)
            { #>
                <img src="<#= RetaillerSticker(lstStickersAAfficher[i].Sticker,35).sUrlCheminComplet #>" alt="<#= lstStickersAAfficher[i].Sticker.sTexteAlternatif #>" data-tooltip2="StickerTexte" data-idsticker="<#= lstStickersAAfficher[i].Sticker.iIdSticker #>" data-typesticker="<#= lstStickersAAfficher[i].Sticker.sTypeSticker #>"/>
        <# } #>
    </div>
    <div class="divWCRS310_MM divWCRS310_ZonesStickerVignette">
        <# var lstStickersAAfficher=StickersZone(10108);
           for (var i=0; i < lstStickersAAfficher.length; i++)
            { #>
                <img src="<#= RetaillerSticker(lstStickersAAfficher[i].Sticker,50).sUrlCheminComplet #>" alt="<#= lstStickersAAfficher[i].Sticker.sTexteAlternatif #>" />
        <# } #>
    </div>
</script>



<script type="text/html" id="templateZonesStickerVignetteCrossUp">
    <div class="divWCRS310_HG divWCRS310_ZonesStickerVignette">
        <#
            var lstStickersAAfficher = StickersZone(10301);
            for (var i = 0; i < lstStickersAAfficher.length && i<1; i++)
            { #>
                <img src="<#= RetaillerSticker(lstStickersAAfficher[i].Sticker, 48).sUrlCheminComplet #>" alt="<#= lstStickersAAfficher[i].Sticker.StickersTexteAlternatif #>" />
        <# } #>
    </div>
    <div class="divWCRS310_MG divWCRS310_ZonesStickerVignette">
        <# var lstStickersAAfficher=StickersZone(10302);
           for (var i=0; i < lstStickersAAfficher.length; i++)
            {
                var iTaille = 33;
                if(lstStickersAAfficher[i] && lstStickersAAfficher[i].Sticker && (lstStickersAAfficher[i].Sticker.sTypeSticker == 'QUALITE' ||lstStickersAAfficher[i].Sticker.sTypeSticker == 'DELAIS_DIFFERENCIES'))
                    iTaille = 25;
        #>
                    <img src="<#= RetaillerSticker(lstStickersAAfficher[i].Sticker, iTaille).sUrlCheminComplet #>" alt="<#= lstStickersAAfficher[i].Sticker.StickersTexteAlternatif #>" />
        <# } #>
    </div>
    <div class="divWCRS310_BG divWCRS310_ZonesStickerVignette">
        <#
            var lstStickersAAfficher = StickersZone(10303);
            for (var i = 0; i < lstStickersAAfficher.length && i<1; i++)
            { #>
                <img src="<#= RetaillerSticker(lstStickersAAfficher[i].Sticker, 25).sUrlCheminComplet #>" alt="<#= lstStickersAAfficher[i].Sticker.StickersTexteAlternatif #>" />
        <# } #>
    </div>
    <div class="divWCRS310_TD divWCRS310_ZonesStickerVignette">
        <#
            var lstStickersAAfficher = StickersZone(10304);
            for (var i = 0; i < lstStickersAAfficher.length; i++)
            { #>
                <a href="#" class="aWCRS310_PlusieursVarietes aWCRS310_ComposerUnLot"><img src="<#= RetaillerSticker(lstStickersAAfficher[i].Sticker,25).sUrlCheminComplet #>" alt="<#= lstStickersAAfficher[i].Sticker.StickersTexteAlternatif #>" /></a>
        <# } #>
    </div>
    <div class="divWCRS310_HD divWCRS310_ZonesStickerVignette">
        <#
            var lstStickersAAfficher = StickersZone(10305);
            for (var i = 0; i < lstStickersAAfficher.length; i++)
            { #>
                <img src="<#= RetaillerSticker(lstStickersAAfficher[i].Sticker, 41).sUrlCheminComplet #>" alt="<#= lstStickersAAfficher[i].Sticker.StickersTexteAlternatif #>" data-tooltip2="StickerTexte" data-idsticker="<#= lstStickersAAfficher[i].Sticker.iIdSticker #>"/>
        <# } #>
    </div>
    <div class="divWCRS310_BD divWCRS310_ZonesStickerVignette">
        <#
            var lstStickersAAfficher = StickersZone(10306);
           for (var i=0; i < lstStickersAAfficher.length; i++ )
            {
                if (lstStickersAAfficher[i].Sticker.sTypeSticker == 'FRAICHEUR')
                {
                #>
                        <img src="<#= RetaillerSticker(lstStickersAAfficher[i].Sticker, 25).sUrlCheminComplet #>" alt="<#= lstStickersAAfficher[i].Sticker.sTexteAlternatif #>" />
            <# }
               else
               {
            #>
               <img src="<#= RetaillerSticker(lstStickersAAfficher[i].Sticker, 45).sUrlCheminComplet #>" alt="<#= lstStickersAAfficher[i].Sticker.sTexteAlternatif #>" />
            <# }
              }
              #>
    </div>
    <div class="divWCRS310_BGH divWCRS310_ZonesStickerVignette">
        <#
            var lstStickersAAfficher = StickersZone(10307);
            for (var i = 0; i < lstStickersAAfficher.length; i++)
            { #>
                <img src="<#= RetaillerSticker(lstStickersAAfficher[i].Sticker,35).sUrlCheminComplet #>" alt="<#= lstStickersAAfficher[i].Sticker.StickersTexteAlternatif #>" data-tooltip2="StickerTexte" data-idsticker="<#= lstStickersAAfficher[i].Sticker.iIdSticker #>" data-typesticker="<#= lstStickersAAfficher[i].Sticker.sTypeSticker #>"/>
        <# } #>
    </div>
	<div class="divWCRS310_MM divWCRS310_ZonesStickerVignette">
        <#
            var lstStickersAAfficher = StickersZone(10308);
            for (var i = 0; i < lstStickersAAfficher.length; i++)
            { #>
                <img src="<#= RetaillerSticker(lstStickersAAfficher[i].Sticker,50).sUrlCheminComplet #>" alt="<#= lstStickersAAfficher[i].Sticker.StickersTexteAlternatif #>" />
        <# } #>
    </div>
</script>




<script type="text/html" id="templateZonesStickerVignetteTG">
    <div class="divWCRS310_HG divWCRS310_ZonesStickerVignette">
        <#
            var lstStickersAAfficher = StickersZone(10201);
            for (var i = 0; i < lstStickersAAfficher.length && i<1; i++)
            { #>
                <img src="<#= RetaillerSticker(lstStickersAAfficher[i].Sticker, 48).sUrlCheminComplet #>" alt="<#= lstStickersAAfficher[i].Sticker.StickersTexteAlternatif #>" />
        <# } #>

    </div>
    <div class="divWCRS310_MG divWCRS310_ZonesStickerVignette <#= ClasseCssavecCorner() #>" >
        <# var lstStickersAAfficher=StickersZone(10202);
           for (var i=0; i < lstStickersAAfficher.length; i++)
            {
                var iTaille = 33;
                if(lstStickersAAfficher[i] && lstStickersAAfficher[i].Sticker && (lstStickersAAfficher[i].Sticker.sTypeSticker == 'QUALITE' ||lstStickersAAfficher[i].Sticker.sTypeSticker == 'DELAIS_DIFFERENCIES'))
                    iTaille = 25;
        #>
                    <img src="<#= RetaillerSticker(lstStickersAAfficher[i].Sticker, iTaille).sUrlCheminComplet #>" alt="<#= lstStickersAAfficher[i].Sticker.StickersTexteAlternatif #>" />
        <# } #>
    </div>
    <div class="divWCRS310_BG divWCRS310_ZonesStickerVignette">
        <#
            var lstStickersAAfficher = StickersZone(10203);
            for (var i = 0; i < lstStickersAAfficher.length && i<1; i++)
            { #>
                <img src="<#= RetaillerSticker(lstStickersAAfficher[i].Sticker, 25).sUrlCheminComplet #>" alt="<#= lstStickersAAfficher[i].Sticker.StickersTexteAlternatif #>" />
        <# } #>
    </div>
    <div class="divWCRS310_TD divWCRS310_ZonesStickerVignette">
        <#
            var lstStickersAAfficher = StickersZone(10204);
            for (var i = 0; i < lstStickersAAfficher.length; i++)
            { #>
                <a href="#" class="aWCRS310_PlusieursVarietes aWCRS310_ComposerUnLot"><img src="<#= RetaillerSticker(lstStickersAAfficher[i].Sticker, 25).sUrlCheminComplet #>" alt="<#= lstStickersAAfficher[i].Sticker.StickersTexteAlternatif #>" /></a>
        <# } #>
    </div>
    <div class="divWCRS310_HD divWCRS310_ZonesStickerVignette">
        <#
            var lstStickersAAfficher = StickersZone(10205);
            for (var i = 0; i < lstStickersAAfficher.length; i++)
            { #>
                <img src="<#= RetaillerSticker(lstStickersAAfficher[i].Sticker, 41).sUrlCheminComplet #>" alt="<#= lstStickersAAfficher[i].Sticker.StickersTexteAlternatif #>" data-tooltip2="StickerTexte" data-idsticker="<#= lstStickersAAfficher[i].Sticker.iIdSticker #>"/>
        <# } #>
    </div>
    <div class="divWCRS310_BD divWCRS310_ZonesStickerVignette">
        <#
            var lstStickersAAfficher = StickersZone(10206);
            for (var i=0; i < lstStickersAAfficher.length; i++ )
            {
                if (lstStickersAAfficher[i].Sticker.sTypeSticker == 'FRAICHEUR')
                {
                #>
                        <img src="<#= RetaillerSticker(lstStickersAAfficher[i].Sticker, 25).sUrlCheminComplet #>" alt="<#= lstStickersAAfficher[i].Sticker.sTexteAlternatif #>" />
            <# }
               else
               {
            #>
               <img src="<#= RetaillerSticker(lstStickersAAfficher[i].Sticker, 45).sUrlCheminComplet #>" alt="<#= lstStickersAAfficher[i].Sticker.sTexteAlternatif #>" />
            <# }
              }
              #>
    </div>
	<div class="divWCRS310_BGH divWCRS310_ZonesStickerVignette">
        <#
            var lstStickersAAfficher = StickersZone(10207);
            for (var i = 0; i < lstStickersAAfficher.length; i++)
            { #>
                <img src="<#= RetaillerSticker(lstStickersAAfficher[i].Sticker,35).sUrlCheminComplet #>" alt="<#= lstStickersAAfficher[i].Sticker.StickersTexteAlternatif #>" data-tooltip2="StickerTexte" data-idsticker="<#= lstStickersAAfficher[i].Sticker.iIdSticker #>" data-typesticker="<#= lstStickersAAfficher[i].Sticker.sTypeSticker #>"/>
        <# } #>
    </div>
	<div class="divWCRS310_MM divWCRS310_ZonesStickerVignette">
        <#
            var lstStickersAAfficher = StickersZone(10208);
            for (var i = 0; i < lstStickersAAfficher.length; i++)
            { #>
                <img src="<#= RetaillerSticker(lstStickersAAfficher[i].Sticker,50).sUrlCheminComplet #>" alt="<#= lstStickersAAfficher[i].Sticker.StickersTexteAlternatif #>" />
        <# } #>
    </div>
</script>



<script type="text/html" id="templateVignetteDisponibleApartir">
    <li class="liWCRS310_Product liWCRS310_Unavailable" id="<#=sUuid#>" data-vignette="disponibleApartir">
        <div class="divWCRS310_Content">
            <# if (fProduitSubstitution == false) { #>
            <!--Si le produit est pas un produit Standart -->
            <a class="aWCRS310_Product">
                <img src="<#=sUrlVignetteProduit #>" alt="<#=sLibelleLigne1 #>" width="165" height="165" />
            </a>
            <a class="aWCRS310_Product">
                <p class="pWCRS310_InfoTraiteur">
                    <span><#=objLocProduit.texteDisponibleApartir #></span>
                    <#=sDateDisponibleMin #>
                </p>
            </a>
            <#= gererAffichageLotHeterogene() #>
            <#= gererAffichageLotHomogene() #>
                <!-- Ajout du html concernant le plus un moins un ou A composer suivant le type du produit -->
            <#= gererAffichageTypeProduit() #>
            <div class="divWCRS310_PrixUnitaire">
                <p class="pWCRS310_PrixUnitairePartieEntiere">
                    <#= gererAffichagePrixUnitairePartieEntiere() #>
                </p>
                <p class="pWCRS310_SigleMonetaire">
                    <#= objLoc.sigleMonetaire #>
                </p>
                <p class="pWCRS310_PrixUnitairePartieDecimale">
                    <#= gererAffichagePrixUnitairePartieDecimale() #>
                </p>
            </div>

            <# if (nrMontantEcoParticipation == null) { #>
                <p class="pWCRS310_PrixUniteMesure">
                    <#= gererAffichagePrixUniteMesure() #>
                </p>
            <# } else { #>
                <p class="pWCRS310_EcoParticipation" data-tooltip="EcoParticipation">
                    <#= objLocProduit.texteEcoParticipationLibelle #>
                </p>
            <# } #>

            <span class="spanWCRS310_Clear"></span>
            <p class="pWCRS310_Desc">
                <!--Si le produit est pas un produit Standart -->
                <a class="aWCRS310_Product"><#=sLibelleLigne1 #><br>
                    <#=sLibelleLigne2 #>
                </a>

                <# if (sOrigineZoneDepeche != null && sOrigineZoneDepeche != '') { #>
                    <span class="spanWCRS310_Origine" data-tooltip="Origine"><#= sOrigineZoneDepeche #></span>
                <# } else { #>
                    <span class="spanWCRS310_ContenanceInfo"><#= nrContenanceSecondaireValeur #> <#= sContenanceSecondaireUnite #></span>
                <# } #>
            </p>

            <# } else { #>
            <img src="<#=sUrlVignetteProduit #>" alt="<#=sLibelleLigne1 #>" width="165" height="165" />
            <p class="pWCRS310_InfoTraiteur">
                <span><#=objLocProduit.texteDisponibleApartir #></span>
                <#=sDateDisponibleMin #>
            </p>
            <p>
                <a href="#" class="aWCRS310_Substitute bouton bouton-substitution visible_<#= fProduitSubstitution#>" data-track="37100"><#= objLocProduit.texteLienProduitSubstitution #></a>
            </p>
            <div class="divWCRS310_PrixUnitaire visible_<#= fAfficherPrixUnitaire #>">
                <p class="pWCRS310_PrixUnitairePartieEntiere">
                    <#= gererAffichagePrixUnitairePartieEntiere() #>
                </p>
                <p class="pWCRS310_SigleMonetaire">
                    <#= objLoc.sigleMonetaire #>
                </p>
                <p class="pWCRS310_PrixUnitairePartieDecimale">
                    <#= gererAffichagePrixUnitairePartieDecimale() #>
                </p>
            </div>
            <p class="pWCRS310_PrixUniteMesure visible_<#= fAfficherPrixParUniteMesure #>"><#= sPrixParUniteDeMesure #></p>
            <p class="pWCRS310_Desc">
                <#=sLibelleLigne1 #><br>
                <#=sLibelleLigne2 #>
                    <# if (sContenanceSecondaireUnite != null) { #>
                        <span class="spanWCRS310_ContenanceInfo"><#= nrContenanceSecondaireValeur #> <#= sContenanceSecondaireUnite #></span>
                <# } #>
            </p>
            <# } #>

            <#= sHtmlElementZone #>
        </div>

        <#= gererAffichageBarreOutil() #>
    </li>
</script>

<script type="text/html" id="templateVignetteDisponibleJusque">
    <li class="liWCRS310_Product liWCRS310_Unavailable" id="<#=sUuid#>" data-vignette="DisponibleJusque">
        <div class="divWCRS310_Content">
            <# if (fProduitSubstitution == false) { #>
            <!--Si le produit est pas un produit Standart -->
                    <a class="aWCRS310_Product">
                        <img src="<#=sUrlVignetteProduit #>" alt="<#=sLibelleLigne1 #>" width="165" height="165" />
                    </a>
            <a class="aWCRS310_Product">
              <p class="pWCRS310_InfoTraiteur">
                    <span><#=objLocProduit.texteDisponibleJusque #></span>
                    <#=sDateDisponibleMax #>
               </p>
            </a>
            <#= gererAffichageLotHeterogene() #>
            <#= gererAffichageLotHomogene() #>
                <!-- Ajout du html concernant le plus un moins un ou A composer suivant le type du produit -->
            <#= gererAffichageTypeProduit() #>
            <div class="divWCRS310_PrixUnitaire">
                <p class="pWCRS310_PrixUnitairePartieEntiere">
                    <#= gererAffichagePrixUnitairePartieEntiere() #>
                </p>
                <p class="pWCRS310_SigleMonetaire">
                    <#= objLoc.sigleMonetaire #>
                </p>
                <p class="pWCRS310_PrixUnitairePartieDecimale">
                    <#= gererAffichagePrixUnitairePartieDecimale() #>
                </p>
            </div>

            <# if (nrMontantEcoParticipation == null) { #>
                <p class="pWCRS310_PrixUniteMesure">
                    <#= gererAffichagePrixUniteMesure() #>
                </p>
            <# } else { #>
                <p class="pWCRS310_EcoParticipation" data-tooltip="EcoParticipation">
                    <#= objLocProduit.texteEcoParticipationLibelle #>
                </p>
            <# } #>

            <span class="spanWCRS310_Clear"></span>
            <p class="pWCRS310_Desc">
                <!--Si le produit est pas un produit Standart -->
                <a class="aWCRS310_Product"><#=sLibelleLigne1 #><br>
                    <#=sLibelleLigne2 #>
                </a>

                 <# if (sOrigineZoneDepeche != null && sOrigineZoneDepeche != '') { #>
                    <span class="spanWCRS310_Origine" data-tooltip="Origine"><#= sOrigineZoneDepeche #></span>
                <# } else { #>
                    <span class="spanWCRS310_ContenanceInfo"><#= nrContenanceSecondaireValeur #> <#= sContenanceSecondaireUnite #></span>
                <# } #>
            </p>

            <# } else { #>
                <img src="<#=sUrlVignetteProduit #>" alt="<#=sLibelleLigne1 #>" width="165" height="165" />
                <p class="pWCRS310_InfoTraiteur">
                    <span><#=objLocProduit.texteDisponibleJusque #></span>
                    <#=sDateDisponibleMax #>
                </p>
                <p>
                    <a href="#" class="aWCRS310_Substitute bouton bouton-substitution visible_<#= fProduitSubstitution#>" data-track="37100"><#= objLocProduit.texteLienProduitSubstitution #></a>
                </p>
                <div class="divWCRS310_PrixUnitaire visible_<#= fAfficherPrixUnitaire #>">
                    <p class="pWCRS310_PrixUnitairePartieEntiere">
                        <#= gererAffichagePrixUnitairePartieEntiere() #>
                    </p>
                    <p class="pWCRS310_SigleMonetaire">
                        <#= objLoc.sigleMonetaire #>
                    </p>
                    <p class="pWCRS310_PrixUnitairePartieDecimale">
                        <#= gererAffichagePrixUnitairePartieDecimale() #>
                    </p>
                </div>
                <p class="pWCRS310_PrixUniteMesure visible_<#= fAfficherPrixParUniteMesure #>"><#= sPrixParUniteDeMesure #></p>
                <p class="pWCRS310_Desc">
                    <#=sLibelleLigne1 #><br>
                    <#=sLibelleLigne2 #>
                    <# if (sContenanceSecondaireUnite != null) { #>
                        <span class="spanWCRS310_ContenanceInfo"><#= nrContenanceSecondaireValeur #> <#= sContenanceSecondaireUnite #></span>
                    <# } #>
                </p>
            <# } #>

            <#= sHtmlElementZone #>
        </div>

        <#= gererAffichageBarreOutil() #>
    </li>
</script>
<script type="text/html" id="templateAComposer">
    <div class="divWCRS310_Panier <#= recupererCssPourLePanier() #>">
        <a id="sLibellePictoAjouterProduit" href="<#= sUrlPageProduit #>" class="aWCRS310_AComposer"><#= objLocProduit.texteBoutonAComposer #></a>
        <div class="divWCRS310_BlocNombreCommande">
            <span class="spanWCRS310_CountMenu"><#= iQuantite #></span>
            <a class="bouton bouton-orange aWCRS310_Edit" href="<#= sUrlPageProduit #>" ></a>
        </div>
    </div>
</script>
<script type="text/html" id="templatePopinLimiteLiquide">
    <div id="divWCRS112_PopinLimiteLiquideDepassee" class="divWCRS112_PopinLimiteLiquideDepassee">
        <div class="divWCRS112_Avertissement">
            <p class="pWCRS112_Avertissement"><#=textePanierDepasseLimiteLiquide(objElement.iLimiteLiquideTotale, objElement.nrLimiteDepasseProduits) #></p>
            <# if(objElement.objProduit) { #>
                <p><#=texteProduitDepasseLimiteLiquide(objElement.lstProduitDepasseLimiteLiquide[0]) #></p>
                <# } else { #>
                    <div class="divWCRS112_ListeProduits">
                        <div class="divWCRS112_EnteteProduit">
                            <p><#=textePanierDepasseLimiteLiquideTitreProduits #></p>
                        </div>
                        <div class="divWCRS112_Produits">
                            <# for (var i=0; i < objElement.lstProduitDepasseLimiteLiquide.length; i++) { #>
                            <p class="pWCRS112_ListeProduitContenance">- <#=objElement.lstProduitDepasseLimiteLiquide[i] #></p>
                        <# } #>
                        </div>
                    </div>
                    <# } #>
        </div>
        <br />
        <br />
        <a href="javascript:window.open('<#=objElement.sUrlFAQ #>', '', 'width=870,height=750,toolbars=no,scrollbars=no,status=no,resizable=yes');" class="divWCRS112_lien"><#=texteEnsavoirPlus #></a>
        <# if(fPopinBloquante) { #>
            <a class="WCTD_boutonBleu aWCRS112_Confirmer" id='confirmer_PopinLimiteLiquideDepassee'><#=texteConfirmer #></a>
            <# } else { #>
                <div class="divWCRS112_bouton">
                    <a class="WCTD_boutonBleu btnWCRS112_PopinLimiteLiquideDepassee" id='confirmer_ModifierModeLivraison'><#=texteModifierModeLivraison #></a>
                    <a class="texteOuWCRS112_PopinLimiteLiquideDepassee" id='texteOu'><#=texteOu #></a>
                    <a class="WCTD_boutonBleu btnWCRS112_PopinLimiteLiquideDepassee" id='confirmer_ContinuerAjusterPanier'><#=texteContinuerAjusterPanier #></a>
                </div>
                <p class="divWCRS112_texte"><#=texteAjusterpanier #></p>
                <# } #>
    </div>
</script>

<script type="text/html" id="templateRayonToutVoir">
        <li class='liWCRS310_Product voir-plus' >
            <a class="liste-produit-voir" href='<#= sUrl #>' data-track="35046"><span class="liste-produit-voir-fleche">&nbsp;</span><#= sLibelle #></a>
        </li>
</script>



<script type="text/html" id="templateZonesStickerVignetteVariante">
    <div class="divWCRS310_HG divWCRS310_ZonesStickerVignette">
        <#
            var lstStickersAAfficher = StickersZone(10701);
            for (var i = 0; i < lstStickersAAfficher.length && i<1; i++)
            { #>
                <img src="<#= RetaillerSticker(lstStickersAAfficher[i].Sticker, 48).sUrlCheminComplet #>" alt="<#= lstStickersAAfficher[i].Sticker.sTexteAlternatif #>" <#= TypeTooltip(lstStickersAAfficher[i].Sticker) #> data-idsticker="<#= lstStickersAAfficher[i].Sticker.iIdSticker #>" data-typesticker="<#= lstStickersAAfficher[i].Sticker.sTypeSticker #>" />
        <# } #>
    </div>
    <div class="divWCRS310_MG divWCRS310_ZonesStickerVignette <#= ClasseCssavecCorner() #> ">
        <# var lstStickersAAfficher=StickersZone(10702);
           for (var i=0; i < lstStickersAAfficher.length; i++)

            {

                var iTaille = 33;

                if(lstStickersAAfficher[i] && (lstStickersAAfficher[i].Sticker && lstStickersAAfficher[i].Sticker.sTypeSticker == 'QUALITE' ||lstStickersAAfficher[i].Sticker.sTypeSticker == 'DELAIS_DIFFERENCIES'))

                    iTaille = 25;

        #>

                <img src="<#= RetaillerSticker(lstStickersAAfficher[i].Sticker, iTaille).sUrlCheminComplet #>" alt="<#= lstStickersAAfficher[i].Sticker.sTexteAlternatif #>" />

        <# } #>

    </div>
    <div class="divWCRS310_BG divWCRS310_ZonesStickerVignette">
        <#
            var lstStickersAAfficher = StickersZone(10703);
            for (var i = 0; i < lstStickersAAfficher.length && i<1; i++)
            { #>
                <img src="<#= RetaillerSticker(lstStickersAAfficher[i].Sticker, 25).sUrlCheminComplet #>" alt="<#= lstStickersAAfficher[i].Sticker.sTexteAlternatif #>" />
        <# } #>
    </div>
    <div class="divWCRS310_TD divWCRS310_ZonesStickerVignette">
        <#
            var lstStickersAAfficher = StickersZone(10704);
            for (var i = 0; i < lstStickersAAfficher.length; i++)
            { #>
                <a href="#" class="aWCRS310_PlusieursVarietes aWCRS310_ComposerUnLot"><img src="<#= RetaillerSticker(lstStickersAAfficher[i].Sticker,25).sUrlCheminComplet #>" alt="<#= lstStickersAAfficher[i].Sticker.sTexteAlternatif #>" /></a>
        <# } #>
    </div>
    <div class="divWCRS310_HD divWCRS310_ZonesStickerVignette">
        <#
            var lstStickersAAfficher = StickersZone(10705);
            for (var i = 0; i < lstStickersAAfficher.length; i++)
            { #>
                <img class="<#= ClasseCssPictoBRD() #>" src="<#= RetaillerSticker(lstStickersAAfficher[i].Sticker,41).sUrlCheminComplet #>" alt="<#= lstStickersAAfficher[i].Sticker.sTexteAlternatif #>" data-tooltip2="StickerTexte" data-idsticker="<#= lstStickersAAfficher[i].Sticker.iIdSticker #>" data-typesticker="<#= lstStickersAAfficher[i].Sticker.sTypeSticker #>"/>
        <# } #>
    </div>
    <div class="divWCRS310_BD divWCRS310_ZonesStickerVignette">
        <#
            var lstStickersAAfficher = StickersZone(10706);
            for (var i=0; i < lstStickersAAfficher.length; i++ )
            {
                if (lstStickersAAfficher[i].Sticker.sTypeSticker == 'FRAICHEUR')
                {
                #>
                        <img src="<#= RetaillerSticker(lstStickersAAfficher[i].Sticker, 25).sUrlCheminComplet #>" alt="<#= lstStickersAAfficher[i].Sticker.sTexteAlternatif #>" />
            <# }
               else
               {
            #>
               <img src="<#= RetaillerSticker(lstStickersAAfficher[i].Sticker, 45).sUrlCheminComplet #>" alt="<#= lstStickersAAfficher[i].Sticker.sTexteAlternatif #>" />
            <# }
              }
              #>
    </div>
    <div class="divWCRS310_BGH divWCRS310_ZonesStickerVignette">
        <#
            var lstStickersAAfficher = StickersZone(10707);
            for (var i = 0; i < lstStickersAAfficher.length; i++)
            { #>
                <img src="<#= RetaillerSticker(lstStickersAAfficher[i].Sticker,35).sUrlCheminComplet #>" alt="<#= lstStickersAAfficher[i].Sticker.sTexteAlternatif #>" data-tooltip2="StickerTexte" data-idsticker="<#= lstStickersAAfficher[i].Sticker.iIdSticker #>" data-typesticker="<#= lstStickersAAfficher[i].Sticker.sTypeSticker #>"/>
        <# } #>
    </div>
	<div class="divWCRS310_MM divWCRS310_ZonesStickerVignette">
        <#
            var lstStickersAAfficher = StickersZone(10708);
            for (var i = 0; i < lstStickersAAfficher.length; i++)
            { #>
                <img src="<#= RetaillerSticker(lstStickersAAfficher[i].Sticker,50).sUrlCheminComplet #>" alt="<#= lstStickersAAfficher[i].Sticker.sTexteAlternatif #>" />
        <# } #>
    </div>
</script>


<script type="text/html" id="templateZonesStickerVignetteVarianteListe">
    <div class="divWCRS310_MD divWCRS310_ZonesStickerVignette">
        <#
            var lstStickersAAfficher = StickersZone(10801);
            for (var i = 0; i < lstStickersAAfficher.length; i++)
            { #>
                <img class="<#= ClasseCssPictoBRD() #>" src="<#= RetaillerSticker(lstStickersAAfficher[i].Sticker,41).sUrlCheminComplet #>" alt="<#= lstStickersAAfficher[i].Sticker.sTexteAlternatif #>" data-tooltip2="StickerTexte" data-idsticker="<#= lstStickersAAfficher[i].Sticker.iIdSticker #>" data-typesticker="<#= lstStickersAAfficher[i].Sticker.sTypeSticker #>"/>
        <# } #>
    </div>
</script>


<script type="text/html" id="templateMenuRayon">
    <nav class="nav menuRayon">
        <div class="nav-overlay js-fermeRayons"></div><a href="#" class="nav-ferme js-fermeRayons">Rayons</a><div class="nav-popin">
            <aside class="rayons">
                <ul>
                    <#=lstDOMrayonsGauche#>
                </ul>

                <div class="divWCSD333_Ligne pleine"></div>

                <ul class="ulWCSD019_BandeauUnivers">
                    <#=lstDOMBandeauUnivers#>
                </ul>
            </aside>

            <section class="familles" id="menuRayonFamilles">
                <ul>
                    <#=lstDOMrayonsDroite#>
                </ul>
            </section>
            <a href="#" class="aWCTD213_Fermer aWCTD231_Fermer nav-croixFermeture js-fermeRayons"></a>
        </div>
    </nav>
</script>

<script type="text/html" id="templateMenuRayonRayon">
    <li data-rayon="<#= iIdElement #>" class="rayon-droite">
        <div class="rayon-droite-titre" style="background-image: url('<#= sUrlImgBlank #>')" data-lazy="1" data-background-image-url="<#= RecupereUrlVisuelDroite() #>"><#= sLibelle #></div>

        <ul class="clearfix">
            <#= lstDOMEnfants #>
        </ul>
    </li>
</script>
<script type="text/html" id="templateMenuRayonFamille">
        <li class="famille">
            <img src="<#= sUrlImgBlank #>" alt="<#= sLibelle #>" class="famille-icone" data-lazy="1" data-source="<#= RecupereUrlVisuelDroite() #>">
            <a href="<#= ConstruireUrl() #>" class="famille-lien couleur-">
            <span class="famille-lien-libelle"><#= sLibelle #></span>
            </a>
        </li>
</script>


<script type="text/html" id="templateMenuRayonGauche">

    <li class="rayon">
        <a class="rayon-ancre" href="#" data-rayon="<#= iIdElement #>">
            <img src="<#= RecupereUrlVisuelGauche() #>" class="rayon-icone" />
            <#= sLibelle #>
        </a>
    </li>

</script>
<script type="text/html" id="templateMenuRayonBandeauUnivers">

    <li class="rayon liWCSD019_<#= sId #>">
        <a id="aWCSD019_<#= sId #>" data-track-id="20006" data-track-elt-libelle="<#= sLibelle #>" href="#" class="aWCSD019_Univers aWCSD019_<#= sId #> <#= sVisibilite #>"> <#= sLibelle #> <i class="iWCSD019_<#= sId #>"></i> </a>
    </li>

</script>
<script type="text/html" id="templatePopinViderPanier">
    <div id="divWCRS004_PopinViderPanier" class="divWCRS004_PopinViderPanier">
      <p><#= texteConfirmationViderPanier #></p>
      <ul>
        <li><a href="#cancel" class="aWCRS004_Annuler WCTD_lienOrange"><#= texteAnnuler #></a></li>
        <li><a href="#valide" class="aWCRS004_Confirmer bouton bouton-bleu"><#= texteConfirmer #></a></li>
      </ul>
    </div>
</script>
<script type="text/html" id="templatePopinSupprimerProduit">
    <div id="divWCRS320_PopinSupprimerProduit" class="divWCRS320_PopinSupprimerProduit">
        <p><#= texteQuestionConfirmerSuppression #></p>
      <ul>
        <li><a href="#cancel" class="aWCRS320_Annuler WCTD_lienOrange"><#= textePopinSupprimerProduitBtnAnnuler #></a></li>
        <li><a href="#valide" class="aWCRS320_Confirmer bouton bouton-bleu"><#= textePopinSupprimerProduitBtnConfirmer #></a></li>
      </ul>
    </div>
</script>

<script type="text/html" id="templateToolpinMemo">
    <link href='https://fonts.googleapis.com/css?family=Happy+Monkey' rel='stylesheet' type='text/css'>
    <div class='divWCRS420_Img listeVideWatermark'></div>
    <p class='listeVideWatermark'>
        <#= objLoc.texteSoustitreToolpin #>
    </p>
    <ul class='ulWRSL302_MemoList' id='<#= sUuid #>'>
        <#= sDOMLignesMemos #>
            <#= sDOMLigneMemoAjouter #>
    </ul>

</script>
<script type="text/html" id="templateLigneMemoLectureSeule">
<li class="liWRSL302_TermeSucces liWRSL302_LigneMemo" id="<#= objLigneMemo.sidLigneMemoClient #>">
    <span class="spanWRSL302_Encoche"></span>
    <span class="spanWRSL302_LibelleLectureSeule"> <#= objLigneMemo.sLibelle #></span>
    <div class="divWRSL302_icons">
        <div class="divWSRL302_PictoBotVocal<#= (objLigneMemo.sModifOrigine == 'DRIVE_FR_GOOGLEHOME' ? ' estAssistantVocal' : '') #>" data-sContenu="<#= objLoc.texteInfobulleAssistantVocal #>"></div>
        <a href="#" class="aWRSL302_Remove"><!--<#= objLoc.texteBtnSupprimer #>--></a>
    </div>
</li>
</script>

<script type="text/html" id="templateLigneMemoEdition">
    <li class="liWRSL302_LibelleEdit">
        <input id="<#= objLigneMemo.sidLigneMemoClient #>" type="text" class="inputWRSL302_Saisie ui-autocomplete-input" maxlength="40" value="<#= objLigneMemo.sLibelle #>" />
    </li>
</script>

<script type="text/html" id="templateLigneMemoLectureEcriture">
<li id="<#= objLigneMemo.sidLigneMemoClient #>" class="liWRSL302_LibelleLectureEcriture liWRSL302_LigneMemo">
    <span class="spanWRSL302_Encoche"></span>
    <span class="spanWRSL302_LibelleLectureEcriture"><#= objLigneMemo.sLibelle #></span>
    <div class="divWRSL302_icons">
        <div class="divWSRL302_PictoBotVocal<#= (objLigneMemo.sModifOrigine == 'DRIVE_FR_GOOGLEHOME' ? ' estAssistantVocal' : '') #>" data-sContenu="<#= objLoc.texteInfobulleAssistantVocal #>"></div>
        <a href="#" class="aWRSL302_Remove"><!--<#= objLoc.texteBtnSupprimer #>--></a>
    </div>
</li>
</script>

<script type="text/html" id="templateToolpinMemoHeader">
    <div class="divWRSL302_Inner">
        <h2 class="WCTD_titre2">
            <#= objLoc.texteTitreToolpin #>
        </h2>
    </div>
    <div class="divWRSL302_LibelleEdit ctrlInputApp">
        <input id="nouvelleLigneMemo" type="text"
               class="inputWRSL302_SaisieNouveau ui-autocomplete-input ctrlInputApp__input"
               maxlength="40">
        </input>
        <label class="divWRSL302_LibelleEdit_label ctrlInputApp__label">
            <#= objLoc.texteWatermarkAjout #>
        </label>
        <button type="button" id="inputWRSL302_ConfirmeSaisie" class="inputWRSL302_ConfirmeSaisie ui-autocomplete-input">OK</button>
    </div>
</script>

<script type="text/html" id="templateToolpinMemoFooter">
    <div class="divWRSL302_Ft">
        <a class="pWRSL302_Selection WCTD_lienBleu"></a>
        <a href="#" class="aWRSL302_ToutEffacer WCTD_lienBleu <#= sCssBtnFooter #>"><#= objLoc.texteBtnToutEffacer #></a>
        <a href="#" data-infomil-loader-onclick="1" class="aWRSL302_Rechercher WCTD_boutonBleu <#= sCssBtnFooter #>" data-track="35501"><#= objLoc.texteBtnRechercher #></a>
    </div>
</script>

<script type="text/html" id="tplWDMA001_CommImage">

    <li class="<#= sCssComm #> <#= fImageCliquable ? 'WDMA005_Cliquable' : 'WDMA005_NonCliquable' #> <#= fAffichageVertical ? 'WDMA005_CommVerticale' : '' #>"
        data-ordre="<#= iOrdre #>" data-id="<#= iIdCommunique #>" data-track="<#= fImageCliquable ? '35000': 'Null' #>" >

        <div class="WDMA005_Image WDMA005_Visuel"
            style="background-image:url('<#= sUrlImage #>');width:<#= iLargeurElement #>px;height:<#= iHauteurElement #>px;">
        </div>
    </li>

</script>
<script type="text/html" id="templatePopinConfirmation">
    <div class="divWCRS001_PopinConfirmation <#= sCssClass #>">
      <p><#= sContenu #></p>
      <ul>
        <li><a href="#cancel" class="WCTD_lienOrange" id='annuler_PopinConfirmation'><#= sAnnuler #></a></li>
        <li><a href="#valide" class="WCTD_boutonBleu" id='confirmer_PopinConfirmation'><#= sConfirmer #></a></li>
      </ul>
    </div>
</script><script type="text/html" id="templateVueComplementaire">
<li class="vues-element">
	<a href="#" class="aWCRS388_VueComplementaire vues-image <#= (sTypePhoto == '1D' ? 'js-vue' : '') #>"
			nbPhotos="<#= iNbPhotos #>"
			codeSequence="<#= sCodeSequence #>"
            idRepSequence="<#= iIdRepSequence #>"
            connecteur="<#= sConnecteur #>"
			typePhoto="<#= sTypePhoto #>" >
		<img src="<#= sUrlPhoto #>"
			alt="<#= objLoc.texteVueComplementaire #>"
            width="53"
            height="53">
	</a>
</li>
</script>
<script type="text/html" id="templateFicheProduitVue360">
    <!--Bouton retour fiche (360)-->
    <div class="divWCRS388_Top">
  		<a href="#" class="aWCRS388_Back">
            <#= objLoc.texteRetourFiche #>
  		</a>
        <div class="divWCRS388_FullWidth"></div>
	</div>
</script>

<script type="text/html" id="templateFicheProduitAjoutListe">
    <!--Listes-->
    <a href="#" class="aWCRS388_AjoutListes_Produit_Fiche aWCRS388_PictList_Produit_Fiche <#= sCssClassPictoList #>" title="<#= objLoc.texteListes #>" id="aWCRS388_AjoutAMesListes_Produit_Fiche">
        <span></span>
    </a>
</script>

<script type="text/html" id="templateFicheProduitBouton360">
    <!--Vue 3D-->
    <a href="#" class="aWCRS388_Btn360 vues-image"
				nbPhotos="<#= iNbPhotos3D #>"
                idrepsequence="<#= iIdRepSequence #>"
				codeSequence="<#= sCodeSequence3D #>"
                connecteur="<#= sConnecteurVisualisateur #>"
				typePhoto="3D">
    </a>
</script>

<script type="text/html" id="templateFicheProduitComposerLot">
    <# if (fUpsellingHeterogene) { #>
    <a href="#" class="aWCRS310_lotHeterogene aWCRS310_ComposerUnLot fp_bouton fp_bouton-orange"><#= objLoc.texteComposerUnLot #></a>
    <# } #>
    <# if (fUpsellingHomogene) { #>
    <a href="#" class="aWCRS3010_lotHomogene fp_bouton fp_bouton-orange" ><#=  objLoc.texteAcheterUnLot #></a>
    <# } #>
    <p class="pWCRS310_HomogeneSucces visible_false"></p>
    <p class="pWCRS310_QteMinPanierAtteinte visible_false"></p>
</script>

<script type="text/html" id="templateVuesComplementaires">
    <!--Vue(s) 2D-->
	<ul class="js-slider vertical-carousel">
		<#= sDOMVuesComplementaires #>
	</ul>
</script>
<script type="text/html" id="templatePlusUnMoinsUnFicheProduit">
    <div class="divWCRS310_Panier_Produit_Fiche <#= recupererCssPourLePanier() #>">
        <a id="sLibellePictoAjouterProduit" href="#" class="aWCRS310_Add_Produit_Fiche"><#=sLibellePictoAjouterProduit #></a>
        <div id="js_bloc_plus_un_moins_un" class="divWCRS310_BlocIncrementerDecrementer_Produit_Fiche">
            <a href="#minus" class="aWCRS310_Less_Produit_Fiche">-</a> <span id="spanWCRS310Quantite" class="spanWCRS310_count_Produit_Fiche"><#= iQuantite #></span>
            <a href="#plus" class="aWCRS310_More_Produit_Fiche" <#= fQteMaximalePanierAtteinte && !fQteMaximaleAtteinte? 'data-tooltip=QteMaxPanier' : (fQteMaximaleAtteinte? 'data-tooltip=QteMax': '') #> >+</a>
        </div>
    </div>
</script>
<script type="text/html" id="templateVueVariantesDispo">
    <li class="liWCRS310_Product <#= gererAffichageClassLI() #> <#= sCssPlacementGrille #> <#= sCssTG #> <#= sCssQteMax #> " id="<#=sUuid#>" data-vignette="disponible">
        <div class="divWCRS310_Content">
            <a class="aWCRS310_Product">
                <img src="<#=sUrlVignetteProduit #>" alt="<#= sLibelleVariante #>" width="165" height="165" />
            </a>
            <a class="aWCRS310_Product spanWCRS310_LibelleVariante">
                <#= sLibelleVariante #>
            </a>
            <!-- Ajout du html concernant le plus un moins un ou A composer suivant le type du produit -->
            <p class="pWCRS310_PrixUnitaire">
                <#= gererAffichagePrixUnitaire() #>
            </p>
            <#= gererAffichageTypeProduit() #>
            <#= sHtmlElementZone #>
        </div>
        <p class="pWCRS310_HomogeneSucces visible_false"></p>
        <p class="pWCRS310_QteMinPanierAtteinte visible_false"></p>
    </li>
</script>

<script type="text/html" id="templateVueVariantesIndispo">
    <li class="liWCRS310_Product <#= gererAffichageClassLI() #> <#= sCssPlacementGrille #> <#= sCssTG #> <#= sCssQteMax #> " id="<#=sUuid#>" data-vignette="bientotDisponible">
        <div class="divWCRS310_Content">
            <span class="spanWCRS310_Product">
                <img src="<#=sUrlVignetteProduit #>" alt="<#= sLibelleVariante #>" width="165" height="165" />
            </span>
            <span class="spanWCRS310_LibelleVariante">
                    <#= sLibelleVariante #>
                </span>
                <!-- Ajout du html concernant le plus un moins un ou A composer suivant le type du produit -->
                <p class="pWCRS310_PrixUnitaire">
                    <#= gererAffichagePrixUnitaire() #>
                </p>
            <p class="pWCRS310_VarianteIndispo">Bientôt dispo</p>

        </div>

        <p class="pWCRS310_HomogeneSucces visible_false"></p>
        <p class="pWCRS310_QteMinPanierAtteinte visible_false"></p>
    </li>
</script>

<script type="text/html" id="templateOutilVoirPlusDeProduits">
    <li>
        <a href="#" class="aWCRS310_VoirPlusDeProduits" title="<#= sTitre #>"><#= sLibelle #><span>&nbsp;</span></a>
    </li>
</script>


<script type="text/html" id="templateRayon">
    <ul>
        <li class="liWCRS310_Section" id="<#=sUuid#>">
            <div class="rayon-titre" style="background-image: url('<#= sUrlPhotoSeparateur #>')"> <#= sLibelleRayon #> </div>
        </li>
        <#= lstDOMContenuElements #>
    </ul>
</script>


<script type="text/html" id="templateRayonUnique">
    <ul>
        <#= lstDOMContenuElements #>
    </ul>
</script>
<script type="text/html" id="templateRayonVide">
    <ul>
        <li class="liWCRS310_Section"  id="<#=sUuid#>" data-vignette="vide">
            <#= sLibelleRayon #>
        </li>
        <#= lstDOMContenuElements #>
    </ul>
</script>
<script type="text/html" id="templateRayonBRD">
    <ul>

        <# if (fTradeRMPAffiche == false) { #>
            <li class="liWCRS310_Product liWCRS310_VignetteBRD <#= fEstBRDI ? 'liWCRS310_VignetteBRD_Carte' : '' #> ">
              <p class="pWCRS310_TexteHaut"><#= sTexteHaut #></p>
              <p class="pWCRS310_TexteBas"><#= sTexteBas #></p>
              <p class="pWCRS310_Note"><#= sTexteAsterisque #></p>
            </li>
        <# } #>

        <#= lstDOMContenuElements #>

    </ul>
</script>


<script type="text/html" id="templateRayonBRDVide">
    <div class="divWCRS310_MsgUsual">
        <div class="divWCRS310_Deco">
            <p><strong><#= teteLigne1 #><br>
                <br><#= teteLigne2 #></strong></p>
        </div>
    </div>
</script>

<script type="text/html" id="templateRayonBrdNonCharge">
    <div class="divWCRS310_MsgUsual">
        <div class="divWCRS310_Deco divWCRS310_Monoligne">
            <p><strong><#= teteLigne1 #><br></strong></p>
        </div>
    </div>
</script>

<script type="text/html" id="templateVignetteImagePromotions">
<li class="liWCRS310_Product liWCRS310 <#= sCssPlacementGrille #>" id="<#=sUuid#>" data-vignette="recette">
    <#= (sUrlRedirection) ? '<a href="' + sUrlRedirection + '"><p class="promotions-image promotions-image-' + sId + '" style="margin:0"  ></p> </a>' : '<a class="promotions-image promotions-image-' + sId + '"></a>' #>
</li>
</script>

<script type="text/html" id="templateTradeGenerique">
    <li class="liWMKP001_TradeGenerique liTrdGen_<#=sIdTradeBusiness#>" id="<#=sUuid#>" data-trade="gen">
        <ul class="ulWMKP001_TradeGen">
            <#= lstDOMContenuElements #>
        </ul>
    </li>
</script>
<script type="text/html" id="templateTri">
    <div class="divWCRS368_Sort orange">
      	<div id="divWCRS368_Select" class="divWCRS368_Select"></div>
      </div>
</script>
<script type="text/html" id="templateBlocFiltre">
    <div class="divWCRS315_Wrap">
        <dl class="dlCRS315_Filtre">
            <dt><span><#= sLibelle #> <#= aPictoBloc #></span> <a href="#" class="aWCRS315_Toggle">&nbsp;</a></dt>
            <dd style="height: auto;">
                <#= htmlFiltreMarques #>
                <ul class="ulWCRS315_Filters">
                    <#= htmlFiltreValeur #>
                </ul>
            </dd>
        </dl>
    </div>
</script>
<script type="text/html" id="templateValeurFiltre">
    <li class="liValeurFiltre <#= (fActif ? 'on' : '') #>" data-idUniqueFiltreValeur="<#= idUniqueFiltreValeur #>" data-IdBloc="<#= iIdBloc #>" data-track-libelle="<#= sBlocLibelle #> - <#= sLibelle #>">
        <span class="spanWCRS315_Checkbox">
        <input type="checkbox" value="<#= idUniqueFiltreValeur #>" <#= (fActif ? 'checked' : '') #> ></span>
        <label for="<#= idUniqueFiltreValeur #>" data-track-id="20010"><#= sLibelle #></label>
    </li>
</script>
<script type="text/html" id="templateFiltreNavigationParent">
    <h2 class="h2WCRS315_Titre"><#= sTitre #></h2>
    <ul>
        <li class="liValeurPresentation <#= fTousActif ? 'liWCRS315_FiltreActif' : '' #>">
            <a href="#" data-track-click="2" data-track-click-val="--rc--r--<#= sLibelleTous#>-"><#= sLibelleTous #>
                <#= iNbTotalProduits>0 ? '(' + iNbTotalProduits + ')' : '' #>
            </a>
        </li>
        <#= html #>
    </ul>
</script>
<script type="text/html" id="templateFiltresActifs">
    <h3><#= objLoc.titreBlocFiltreValeur #></h3>
    <a href="#" id="lienSupprimerTousLesFiltresActifs" class="aWCRS315_Eraser"><#= objLoc.texteBtnEffacerTout #></a>
    <ul>
        <#= htmlValeurFiltreActive #>
    </ul>
</script>
<script type="text/html" id="templateLigneFiltreActif">
            <li id="<#= 'fa-'+objValeurFiltre.idUniqueFiltreValeur#>" class="liFiltreActif" style="display: block;" data-IdBloc ="<#= objValeurFiltre.iIdBloc #>" data-track-libelle="<#= objValeurFiltre.sBlocLibelle #> - <#= objValeurFiltre.sLibelle #>" data-idUniqueFiltreValeur="<#= objValeurFiltre.idUniqueFiltreValeur #>" >
            <label for="<#= 'fa-'+objValeurFiltre.idUniqueFiltreValeur#>"><#= objLoc.texteAltEffacer #></label>
            <#= objValeurFiltre.sLibelle #>
        </li>
</script>
<script type="text/html" id="templateTooltipAideVueNavigation">
    <div class="divWCRS350TootlipAideVueNavigation">
        <strong>
        <#=objLoc.TooltipTitrePart1 #>
        <br />
        <#=objLoc.TooltipTitrePart2 #>
        </strong>
        <p class="pWCRS350_Inner">
            <#=objLoc.TooltipParagraphePart1 #>
            <br />
            <#=objLoc.TooltipParagraphePart2 #>
            <br />
            <a class="aWCRS350AideEnLigne WCTD_lienOrange" href="#"><#=objLoc.TooltipLienAideEnLigne #></a>
        </p>
    </div>
</script>
<script type="text/html" id="templateTradeRMPBanniere">

    <div class="clsRMPContainer" data-type="BA">
        <# if ((objRenduTradeExterne.sClickUrl != null) && (objRenduTradeExterne.nfClickExterne == true)) { #>
            <a href="<#= objRenduTradeExterne.sClickUrl #>" target="_blank">
                <div class="clsRMPformat" style="background-image: url('<#= objRenduTradeExterne.sUrlFond #>') "/>
            </a>
        <# } #>

        <# if ((objRenduTradeExterne.sClickUrl != null) && (objRenduTradeExterne.nfClickExterne == false)) { #>
            <a href="<#= objRenduTradeExterne.sClickUrl #>" target="_self">
                <div class="clsRMPformat" style="background-image: url('<#= objRenduTradeExterne.sUrlFond #>') " />
            </a>
        <# } #>

        <# if (objRenduTradeExterne.sClickUrl == null) { #>
            <div class="clsRMPformat" style="background-image: url('<#= objRenduTradeExterne.sUrlFond #>') " />
        <# } #>
    </div>
</script>

<script type="text/html" id="templateTradeRMPTeteGondole">

    <div class="clsRMPContainer" data-type="TG" style="border-color: <#= objRenduTradeExterne.sCouleurBordure #>">
        <div class="clsRMPformat" style="background-color: transparent;">
            <div class="clsRMPimageContainer" style="background-image: url('<#= objRenduTradeExterne.sUrlFond #>') ">
                <div class="clsRMPmobileBox"></div>
                <div class="clsRMPlogoMobile"></div>
                <div class="clsRMPoption"></div>
            </div>
            <div class="clsRMPproductContainer ulWMKP001_TradeGen" data-track-id="80003">
                <#= sHtmlProduits #>
            </div>
        </div>
    </div>

</script>
<script type="text/html" id="templateTradeRMPButterfly">

    <div class="clsRMPcontainer" data-type="BF" data-count="4" data-option="redirection" style="border-color: <#= objRenduTradeExterne.sCouleurBordure #>">
        <div class="clsRMPformat">
            <div class="clsRMPimageContainer clsRMPleftSide" style="background-image: url('<#= objRenduTradeExterne.sUrlFond #>'); background-color: transparent;">
                <div class="clsRMPmobileBox clsRMPmobileHeader" style="background-image: url('');" ></div>
                <div class="clsRMPlogoMobile" style="background-image: url('');" ></div>

                    <# if ((objRenduTradeExterne.sClickUrl != null) && (objRenduTradeExterne.nfClickExterne == true)) { #>
                        <div class="clsRMPoption" data-option="redirection" data-type="redirection" style="background-image: url('');">
                            <a href="<#= objRenduTradeExterne.sClickUrl #>" target="_blank">
                                <div class="clsRMPoptionWapper" style="background-color: <#= objRenduTradeExterne.sCouleurFondPiedDePage #>; height: 18px; padding-top: 5px; ">
                                    <span class="clsRMPoptionText" style="font-size: 13px; color: <#= objRenduTradeExterne.sCouleurTextePiedDePage #> "><#= objRenduTradeExterne.sTextePiedDePage #></span>
                                </div>
                            </a>
                        </div>
                    <# } #>
                    <# if ((objRenduTradeExterne.sClickUrl != null && objRenduTradeExterne.nfClickExterne == false) || (objRenduTradeExterne.sClickUrl != null && objRenduTradeExterne.nfClickExterne == null)) { #>
                        <div class="clsRMPoption" data-option="redirection" data-type="redirection" style="background-image: url('');">
                            <a href="<#= objRenduTradeExterne.sClickUrl #>" target="_self">
                                <div class="clsRMPoptionWapper" style="background-color: <#= objRenduTradeExterne.sCouleurFondPiedDePage #>; height: 18px; padding-top: 5px; ">
                                    <span class="clsRMPoptionText" style="font-size: 13px; color: <#= objRenduTradeExterne.sCouleurTextePiedDePage #> "><#= objRenduTradeExterne.sTextePiedDePage #></span>
                                </div>
                            </a>
                        </div>
                    <# } #>


                <div class="clsRMPbuttonsWrapper">
                    <#= sHtmlProduitsBoutons #>
                </div>
                <div class="clsRMPbuttonsWrapper" button-normal="color" button-selected="color" ></div>
            </div>
            <div class="clsRMPproductContainer clsRMPrightSide ulWMKP001_TradeGen"  data-track-id="80008">
                <#= sHtmlProduits #>
            </div>
        </div>
    </div>

</script>
<script type="text/html" id="templateTradeRMPListeBoutons">

    <div class="clsRMPbutton clsRMPbuttonSelected" data-index="0" data-idproduct="<#= produitBouton.lstIdProduits.join(',') #>" data-title="<#= produitBouton.sTexteBouton #>" style="width: 150px; font-size: 13px; background-image: url(&quot;&quot;);">
        <span><#= produitBouton.sTexteBouton #></span>
    </div>
</script>

<script type="text/html" id="templatePopinConfirmationAjoutListe">
    <div id="divWCRS343_PopinAjoutListeSuccess" class="divWCRS343_PopupBlock divWCRS343_PopinListe divWCRS343_PopinListeSucces"
        style="display: block;">
        <span class="spanWCRS343_PictoSucces"></span>
        <p class="pWCRS343_Succes">
           <#= sTexteConfirmation #></p>
        <p><#= sTexteInvitationConsultation #> </p>
        <a href="<#= sUrlDetailPanier #>" class="WCTD_boutonBleu bouton bouton-bleu" data-infomil-loader-onclick="1"><#= sTexteBtnVoirDetailPanier #></a>
    </div>
</script>
<script type="text/html" id="templatePopinConfirmationAjoutRecette">
    <div id="divWMKP301_PopinAjoutRecetteSuccess" class="divWMKP301_PopinRecetteSucces divWCRS343_PopupBlock divWCRS343_PopinListe divWCRS343_PopinListeSucces"
        style="display: block;">
        <span class="spanWMKP301_PictoSucces"></span>
        <p class="pWMKP301_Succes"><#= sTexteConfirmation #></p>
        <p><#= sTexteInvitationConsultation #></p>
        <a href="<#= sUrlDetailPanier #>" class="WCTD_boutonBleu bouton bouton-bleu" data-infomil-loader-onclick="1"><#= sTexteBtnVoirDetailPanier #></a>
    </div>
</script></body>