{
  "objContenu": {
    "lstElements": [
      {
        "objElement": {
          "sNoPointLivraison": "079111",
          "iIdProduit": 364,
          "iIdRayon": 284321,
          "iIdFamille": 284362,
          "niIdSousFamille": 285531,
          "sType": "Produit",
          "sId": "364",
          "niIdPhotoEnLigne": 2511534,
          "eIncitationLot": 0,
          "sIdUniqueRayon": "Rayon284321",
          "iIdElementPresentation": 296366,
          "sLibelleLigne1": "Pains au chocolat Epi d&#39;Or",
          "sLibelleLigne2": "x8 - 360g",
          "iQteDisponible": 0,
          "sPrixUnitaire": "1,65 €",
          "fAfficherPrixUnitaire": false,
          "nrPVBRIIDeduit": 1.65,
          "sPrixPromo": "1,65 €",
          "sPrixParUniteDeMesure": "4,58 € / kg",
          "fAfficherPrixParUniteMesure": false,
          "nrPVMesureBRIIDeduit": 4.58,
          "sUrlVignetteProduit": "https://fd7-photos.leclercdrive.fr/image.ashx?id=2511534&use=l&cat=p&typeid=i",
          "fEstBRIIActifEtDisponible": false,
          "fBriiAffichageSticker": false,
          "fPrixAvantageux": false,
          "sUrlLogoBrii": "",
          "sUrlStickerCampagne": "",
          "sTexteLogoBRII": "Promotion BRII",
          "sTexteTooltipLot": "",
          "fEstVisiblePictoPromoTEL": false,
          "sCodeLotHeterogene": "",
          "sUrlLogoTEL": "",
          "sTexteLogoTel": "Promotion TEL",
          "sLibellePictoAjouterProduit": "Ajouter au panier",
          "sLibelleUrlNaviguerRayon": "Voir le rayon",
          "iQuantitePanier": 0,
          "rTotalAPayer": 0.0,
          "sTotalAPayer": "0,00 €",
          "sOrigineZoneDepeche": "",
          "fVoirRayon": false,
          "sUrlVoirRayon": "",
          "eDisponibilite": 1,
          "iIdElementPresentationPrincipale": 296366,
          "fProduitSubstitution": true,
          "sTexteEcoParticipationPrix": "",
          "fAppartientAUneListe": false,
          "sMsgHeaderPopinAuthen": "Vous devez être identifié(e) pour ajouter le produit à vos listes.",
          "fAfficherTexteProduitIndispo": true,
          "sTexteProduitIndispo": "",
          "sTexteProduitIndispoCarte": "",
          "fGainsBRD": false,
          "eTypeProduit": 1,
          "sUrlPageProduit": "https://fd7-courses.leclercdrive.fr/magasin-079111-Massy-Palaiseau/fiche-produits-364-Pains-au-chocolat-Epi-dOr.aspx",
          "iQteMinPanier": 0,
          "iQteMaxPanier": 1000,
          "sUrlLogoDemandeVocale": "/_res/release/_img/ascWCRS414_PanierBot/picto-commande-vocale.svg?v=638163832640000000",
          "fEstDansDemandeVocale": false,
          "fEstProduitCategorieCommerciale": false,
          "lstMentionsProduit": [],
          "objAvisClient": {
            "IdProduit": 364,
            "IdProduitBZV": 8464,
            "Addon": "00",
            "Note": {
              "Valeur": 3.5,
              "IdPicto": 160
            },
            "NbAvis": 28
          },
          "sIdUnique": "Produit364"
        },
        "lstEnfants": []
      },
      {
        "objElement": {
          "sNoPointLivraison": "079111",
          "iIdProduit": 19432,
          "iIdRayon": 284321,
          "iIdFamille": 284362,
          "niIdSousFamille": 285531,
          "sType": "Produit",
          "sId": "19432",
          "niIdPhotoEnLigne": 2448400,
          "eIncitationLot": 0,
          "sIdUniqueRayon": "Rayon284321",
          "iIdElementPresentation": 296366,
          "sLibelleLigne1": "Pains au chocolat Eco+",
          "sLibelleLigne2": "x10 - 450g",
          "iQteDisponible": 21,
          "sPrixUnitaire": "1,69 €",
          "fAfficherPrixUnitaire": true,
          "nrPVBRIIDeduit": 1.69,
          "sPrixPromo": "1,69 €",
          "sPrixParUniteDeMesure": "3,76 € / kg",
          "fAfficherPrixParUniteMesure": true,
          "nrPVMesureBRIIDeduit": 3.76,
          "sUrlVignetteProduit": "https://fd7-photos.leclercdrive.fr/image.ashx?id=2448400&use=l&cat=p&typeid=i",
          "fEstBRIIActifEtDisponible": false,
          "fBriiAffichageSticker": false,
          "fPrixAvantageux": false,
          "sUrlLogoBrii": "",
          "sUrlStickerCampagne": "",
          "sTexteLogoBRII": "Promotion BRII",
          "sTexteTooltipLot": "",
          "fEstVisiblePictoPromoTEL": false,
          "sCodeLotHeterogene": "",
          "sUrlLogoTEL": "",
          "sTexteLogoTel": "Promotion TEL",
          "sLibellePictoAjouterProduit": "Ajouter au panier",
          "sLibelleUrlNaviguerRayon": "Voir le rayon",
          "iQuantitePanier": 0,
          "rTotalAPayer": 0.0,
          "sTotalAPayer": "0,00 €",
          "sOrigineZoneDepeche": "",
          "fVoirRayon": false,
          "sUrlVoirRayon": "",
          "eDisponibilite": 0,
          "iIdElementPresentationPrincipale": 296366,
          "fProduitSubstitution": false,
          "sTexteEcoParticipationPrix": "",
          "fAppartientAUneListe": false,
          "sMsgHeaderPopinAuthen": "Vous devez être identifié(e) pour ajouter le produit à vos listes.",
          "fAfficherTexteProduitIndispo": false,
          "sTexteProduitIndispo": "",
          "sTexteProduitIndispoCarte": "",
          "fGainsBRD": false,
          "eTypeProduit": 1,
          "sUrlPageProduit": "https://fd7-courses.leclercdrive.fr/magasin-079111-Massy-Palaiseau/fiche-produits-19432-Pains-au-chocolat-Eco.aspx",
          "iQteMinPanier": 0,
          "iQteMaxPanier": 1000,
          "sUrlLogoDemandeVocale": "/_res/release/_img/ascWCRS414_PanierBot/picto-commande-vocale.svg?v=638163832640000000",
          "fEstDansDemandeVocale": false,
          "fEstProduitCategorieCommerciale": false,
          "lstMentionsProduit": [],
          "objAvisClient": {
            "IdProduit": 19432,
            "IdProduitBZV": 10010,
            "Addon": "00",
            "Note": {
              "Valeur": 3.0,
              "IdPicto": 159
            },
            "NbAvis": 8
          },
          "sIdUnique": "Produit19432"
        },
        "lstEnfants": []
      },
      {
        "objElement": {
          "sNoPointLivraison": "079111",
          "iIdProduit": 42428,
          "iIdRayon": 284321,
          "iIdFamille": 284362,
          "niIdSousFamille": 285531,
          "sType": "Produit",
          "sId": "42428",
          "niIdPhotoEnLigne": 2412603,
          "eIncitationLot": 0,
          "sIdUniqueRayon": "Rayon284321",
          "iIdElementPresentation": 296366,
          "sLibelleLigne1": "Pains au chocolat Pasquier",
          "sLibelleLigne2": "x8 - 360g",
          "iQteDisponible": 0,
          "sPrixUnitaire": "2,08 €",
          "fAfficherPrixUnitaire": false,
          "nrPVBRIIDeduit": 2.08,
          "sPrixPromo": "2,08 €",
          "sPrixParUniteDeMesure": "5,78 € / kg",
          "fAfficherPrixParUniteMesure": false,
          "nrPVMesureBRIIDeduit": 5.78,
          "sUrlVignetteProduit": "https://fd7-photos.leclercdrive.fr/image.ashx?id=2412603&use=l&cat=p&typeid=i",
          "fEstBRIIActifEtDisponible": false,
          "fBriiAffichageSticker": false,
          "fPrixAvantageux": false,
          "sUrlLogoBrii": "",
          "sUrlStickerCampagne": "",
          "sTexteLogoBRII": "Promotion BRII",
          "sTexteTooltipLot": "",
          "fEstVisiblePictoPromoTEL": false,
          "sCodeLotHeterogene": "",
          "sUrlLogoTEL": "",
          "sTexteLogoTel": "Promotion TEL",
          "sLibellePictoAjouterProduit": "Ajouter au panier",
          "sLibelleUrlNaviguerRayon": "Voir le rayon",
          "iQuantitePanier": 0,
          "rTotalAPayer": 0.0,
          "sTotalAPayer": "0,00 €",
          "sOrigineZoneDepeche": "",
          "fVoirRayon": false,
          "sUrlVoirRayon": "",
          "eDisponibilite": 1,
          "iIdElementPresentationPrincipale": 296366,
          "fProduitSubstitution": true,
          "sTexteEcoParticipationPrix": "",
          "fAppartientAUneListe": false,
          "sMsgHeaderPopinAuthen": "Vous devez être identifié(e) pour ajouter le produit à vos listes.",
          "fAfficherTexteProduitIndispo": true,
          "sTexteProduitIndispo": "",
          "sTexteProduitIndispoCarte": "",
          "fGainsBRD": false,
          "eTypeProduit": 1,
          "sUrlPageProduit": "https://fd7-courses.leclercdrive.fr/magasin-079111-Massy-Palaiseau/fiche-produits-42428-Pains-au-chocolat-Pasquier.aspx",
          "iQteMinPanier": 0,
          "iQteMaxPanier": 1000,
          "sUrlLogoDemandeVocale": "/_res/release/_img/ascWCRS414_PanierBot/picto-commande-vocale.svg?v=638163832640000000",
          "fEstDansDemandeVocale": false,
          "fEstProduitCategorieCommerciale": false,
          "lstMentionsProduit": [],
          "objAvisClient": {
            "IdProduit": 42428,
            "IdProduitBZV": 62932,
            "Addon": "AUCUN",
            "Note": {
              "Valeur": 4.0,
              "IdPicto": 161
            },
            "NbAvis": 4
          },
          "sIdUnique": "Produit42428"
        },
        "lstEnfants": []
      },
      {
        "objElement": {
          "sNoPointLivraison": "079111",
          "iIdProduit": 50688,
          "iIdRayon": 284321,
          "iIdFamille": 284362,
          "niIdSousFamille": 285531,
          "sType": "Produit",
          "sId": "50688",
          "niIdPhotoEnLigne": 2412606,
          "eIncitationLot": 0,
          "sIdUniqueRayon": "Rayon284321",
          "iIdElementPresentation": 296366,
          "sLibelleLigne1": "Pains au chocolat Pasquier ",
          "sLibelleLigne2": "x16 - 720g",
          "iQteDisponible": 0,
          "sPrixUnitaire": "4,13 €",
          "fAfficherPrixUnitaire": false,
          "nrPVBRIIDeduit": 4.13,
          "sPrixPromo": "4,13 €",
          "sPrixParUniteDeMesure": "5,74 € / kg",
          "fAfficherPrixParUniteMesure": false,
          "nrPVMesureBRIIDeduit": 5.74,
          "sUrlVignetteProduit": "https://fd7-photos.leclercdrive.fr/image.ashx?id=2412606&use=l&cat=p&typeid=i",
          "fEstBRIIActifEtDisponible": false,
          "fBriiAffichageSticker": false,
          "fPrixAvantageux": false,
          "sUrlLogoBrii": "",
          "sUrlStickerCampagne": "",
          "sTexteLogoBRII": "Promotion BRII",
          "sTexteTooltipLot": "",
          "fEstVisiblePictoPromoTEL": false,
          "sCodeLotHeterogene": "",
          "sUrlLogoTEL": "",
          "sTexteLogoTel": "Promotion TEL",
          "sLibellePictoAjouterProduit": "Ajouter au panier",
          "sLibelleUrlNaviguerRayon": "Voir le rayon",
          "iQuantitePanier": 0,
          "rTotalAPayer": 0.0,
          "sTotalAPayer": "0,00 €",
          "sOrigineZoneDepeche": "",
          "fVoirRayon": false,
          "sUrlVoirRayon": "",
          "eDisponibilite": 1,
          "iIdElementPresentationPrincipale": 296366,
          "fProduitSubstitution": true,
          "sTexteEcoParticipationPrix": "",
          "fAppartientAUneListe": false,
          "sMsgHeaderPopinAuthen": "Vous devez être identifié(e) pour ajouter le produit à vos listes.",
          "fAfficherTexteProduitIndispo": true,
          "sTexteProduitIndispo": "",
          "sTexteProduitIndispoCarte": "",
          "fGainsBRD": false,
          "eTypeProduit": 1,
          "sUrlPageProduit": "https://fd7-courses.leclercdrive.fr/magasin-079111-Massy-Palaiseau/fiche-produits-50688-Pains-au-chocolat-Pasquier-.aspx",
          "iQteMinPanier": 0,
          "iQteMaxPanier": 1000,
          "sUrlLogoDemandeVocale": "/_res/release/_img/ascWCRS414_PanierBot/picto-commande-vocale.svg?v=638163832640000000",
          "fEstDansDemandeVocale": false,
          "fEstProduitCategorieCommerciale": false,
          "lstMentionsProduit": [],
          "objAvisClient": {
            "IdProduit": 50688,
            "IdProduitBZV": 37280,
            "Addon": "AUCUN",
            "Note": {
              "Valeur": 3.5,
              "IdPicto": 160
            },
            "NbAvis": 10
          },
          "sIdUnique": "Produit50688"
        },
        "lstEnfants": []
      },
      {
        "objElement": {
          "sNoPointLivraison": "079111",
          "iIdProduit": 25860,
          "iIdRayon": 284321,
          "iIdFamille": 284362,
          "niIdSousFamille": 285531,
          "sType": "Produit",
          "sId": "25860",
          "niIdPhotoEnLigne": 2403821,
          "eIncitationLot": 0,
          "sIdUniqueRayon": "Rayon284321",
          "iIdElementPresentation": 296366,
          "sLibelleLigne1": "Pain au chocolat La Boulang&#232;re",
          "sLibelleLigne2": "Pur beurre - x8 - 400g",
          "iQteDisponible": 3,
          "sPrixUnitaire": "2,54 €",
          "fAfficherPrixUnitaire": true,
          "nrPVBRIIDeduit": 2.54,
          "sPrixPromo": "2,54 €",
          "sPrixParUniteDeMesure": "6,35 € / kg",
          "fAfficherPrixParUniteMesure": true,
          "nrPVMesureBRIIDeduit": 6.35,
          "sUrlVignetteProduit": "https://fd7-photos.leclercdrive.fr/image.ashx?id=2403821&use=l&cat=p&typeid=i",
          "fEstBRIIActifEtDisponible": false,
          "fBriiAffichageSticker": false,
          "fPrixAvantageux": false,
          "sUrlLogoBrii": "",
          "sUrlStickerCampagne": "",
          "sTexteLogoBRII": "Promotion BRII",
          "sTexteTooltipLot": "",
          "fEstVisiblePictoPromoTEL": false,
          "sCodeLotHeterogene": "",
          "sUrlLogoTEL": "",
          "sTexteLogoTel": "Promotion TEL",
          "sLibellePictoAjouterProduit": "Ajouter au panier",
          "sLibelleUrlNaviguerRayon": "Voir le rayon",
          "iQuantitePanier": 0,
          "rTotalAPayer": 0.0,
          "sTotalAPayer": "0,00 €",
          "sOrigineZoneDepeche": "",
          "fVoirRayon": false,
          "sUrlVoirRayon": "",
          "eDisponibilite": 0,
          "iIdElementPresentationPrincipale": 296366,
          "fProduitSubstitution": false,
          "sTexteEcoParticipationPrix": "",
          "fAppartientAUneListe": false,
          "sMsgHeaderPopinAuthen": "Vous devez être identifié(e) pour ajouter le produit à vos listes.",
          "fAfficherTexteProduitIndispo": false,
          "sTexteProduitIndispo": "",
          "sTexteProduitIndispoCarte": "",
          "fGainsBRD": false,
          "eTypeProduit": 1,
          "sUrlPageProduit": "https://fd7-courses.leclercdrive.fr/magasin-079111-Massy-Palaiseau/fiche-produits-25860-Pain-au-chocolat-La-Boulangere.aspx",
          "iQteMinPanier": 0,
          "iQteMaxPanier": 1000,
          "sUrlLogoDemandeVocale": "/_res/release/_img/ascWCRS414_PanierBot/picto-commande-vocale.svg?v=638163832640000000",
          "fEstDansDemandeVocale": false,
          "fEstProduitCategorieCommerciale": false,
          "lstMentionsProduit": [],
          "objAvisClient": {
            "IdProduit": 25860,
            "IdProduitBZV": 45940,
            "Addon": "AUCUN",
            "Note": {
              "Valeur": 3.5,
              "IdPicto": 160
            },
            "NbAvis": 5
          },
          "sIdUnique": "Produit25860"
        },
        "lstEnfants": []
      },
      {
        "objElement": {
          "sNoPointLivraison": "079111",
          "iIdProduit": 45270,
          "iIdRayon": 284321,
          "iIdFamille": 284362,
          "niIdSousFamille": 285531,
          "sType": "Produit",
          "sId": "45270",
          "niIdPhotoEnLigne": 2509544,
          "eIncitationLot": 0,
          "sIdUniqueRayon": "Rayon284321",
          "iIdElementPresentation": 296366,
          "sLibelleLigne1": "Pains chocolat La Boulang&#232;re ",
          "sLibelleLigne2": "x6 - 270g",
          "iQteDisponible": 9,
          "sPrixUnitaire": "2,66 €",
          "fAfficherPrixUnitaire": true,
          "nrPVBRIIDeduit": 2.66,
          "sPrixPromo": "2,66 €",
          "sPrixParUniteDeMesure": "9,85 € / kg",
          "fAfficherPrixParUniteMesure": true,
          "nrPVMesureBRIIDeduit": 9.85,
          "sUrlVignetteProduit": "https://fd7-photos.leclercdrive.fr/image.ashx?id=2509544&use=l&cat=p&typeid=i",
          "fEstBRIIActifEtDisponible": false,
          "fBriiAffichageSticker": false,
          "fPrixAvantageux": false,
          "sUrlLogoBrii": "",
          "sUrlStickerCampagne": "",
          "sTexteLogoBRII": "Promotion BRII",
          "sTexteTooltipLot": "",
          "fEstVisiblePictoPromoTEL": false,
          "sCodeLotHeterogene": "",
          "sUrlLogoTEL": "",
          "sTexteLogoTel": "Promotion TEL",
          "sLibellePictoAjouterProduit": "Ajouter au panier",
          "sLibelleUrlNaviguerRayon": "Voir le rayon",
          "iQuantitePanier": 0,
          "rTotalAPayer": 0.0,
          "sTotalAPayer": "0,00 €",
          "sOrigineZoneDepeche": "",
          "fVoirRayon": false,
          "sUrlVoirRayon": "",
          "eDisponibilite": 0,
          "iIdElementPresentationPrincipale": 296366,
          "fProduitSubstitution": false,
          "sTexteEcoParticipationPrix": "",
          "fAppartientAUneListe": false,
          "sMsgHeaderPopinAuthen": "Vous devez être identifié(e) pour ajouter le produit à vos listes.",
          "fAfficherTexteProduitIndispo": false,
          "sTexteProduitIndispo": "",
          "sTexteProduitIndispoCarte": "",
          "fGainsBRD": false,
          "eTypeProduit": 1,
          "sUrlPageProduit": "https://fd7-courses.leclercdrive.fr/magasin-079111-Massy-Palaiseau/fiche-produits-45270-Pains-chocolat-La-Boulangere-.aspx",
          "iQteMinPanier": 0,
          "iQteMaxPanier": 1000,
          "sUrlLogoDemandeVocale": "/_res/release/_img/ascWCRS414_PanierBot/picto-commande-vocale.svg?v=638163832640000000",
          "fEstDansDemandeVocale": false,
          "fEstProduitCategorieCommerciale": false,
          "lstMentionsProduit": [],
          "objAvisClient": {
            "IdProduit": 45270,
            "IdProduitBZV": 881,
            "Addon": "AUCUN"
          },
          "sIdUnique": "Produit45270"
        },
        "lstEnfants": []
      },
      {
        "objElement": {
          "sNoPointLivraison": "079111",
          "iIdProduit": 71491,
          "iIdRayon": 284321,
          "iIdFamille": 284362,
          "niIdSousFamille": 285531,
          "sType": "Produit",
          "sId": "71491",
          "niIdPhotoEnLigne": 2062428,
          "eIncitationLot": 0,
          "sIdUniqueRayon": "Rayon284321",
          "iIdElementPresentation": 296366,
          "sLibelleLigne1": "Croissants Epi d&#39;Or",
          "sLibelleLigne2": "x14 - 560g",
          "iQteDisponible": 0,
          "sPrixUnitaire": "3,29 €",
          "fAfficherPrixUnitaire": false,
          "nrPVBRIIDeduit": 3.29,
          "sPrixPromo": "3,29 €",
          "sPrixParUniteDeMesure": "5,88 € / kg",
          "fAfficherPrixParUniteMesure": false,
          "nrPVMesureBRIIDeduit": 5.88,
          "sUrlVignetteProduit": "https://fd7-photos.leclercdrive.fr/image.ashx?id=2062428&use=l&cat=p&typeid=i",
          "fEstBRIIActifEtDisponible": false,
          "fBriiAffichageSticker": false,
          "fPrixAvantageux": false,
          "sUrlLogoBrii": "",
          "sUrlStickerCampagne": "",
          "sTexteLogoBRII": "Promotion BRII",
          "sTexteTooltipLot": "",
          "fEstVisiblePictoPromoTEL": false,
          "sCodeLotHeterogene": "",
          "sUrlLogoTEL": "",
          "sTexteLogoTel": "Promotion TEL",
          "sLibellePictoAjouterProduit": "Ajouter au panier",
          "sLibelleUrlNaviguerRayon": "Voir le rayon",
          "iQuantitePanier": 0,
          "rTotalAPayer": 0.0,
          "sTotalAPayer": "0,00 €",
          "sOrigineZoneDepeche": "",
          "fVoirRayon": false,
          "sUrlVoirRayon": "",
          "eDisponibilite": 1,
          "iIdElementPresentationPrincipale": 296366,
          "fProduitSubstitution": true,
          "sTexteEcoParticipationPrix": "",
          "fAppartientAUneListe": false,
          "sMsgHeaderPopinAuthen": "Vous devez être identifié(e) pour ajouter le produit à vos listes.",
          "fAfficherTexteProduitIndispo": true,
          "sTexteProduitIndispo": "",
          "sTexteProduitIndispoCarte": "",
          "fGainsBRD": false,
          "eTypeProduit": 1,
          "sUrlPageProduit": "https://fd7-courses.leclercdrive.fr/magasin-079111-Massy-Palaiseau/fiche-produits-71491-Croissants-Epi-dOr.aspx",
          "iQteMinPanier": 0,
          "iQteMaxPanier": 1000,
          "sUrlLogoDemandeVocale": "/_res/release/_img/ascWCRS414_PanierBot/picto-commande-vocale.svg?v=638163832640000000",
          "fEstDansDemandeVocale": false,
          "fEstProduitCategorieCommerciale": false,
          "lstMentionsProduit": [],
          "objAvisClient": {
            "IdProduit": 71491,
            "IdProduitBZV": 76556,
            "Addon": "01",
            "Note": {
              "Valeur": 4.0,
              "IdPicto": 161
            },
            "NbAvis": 5
          },
          "sIdUnique": "Produit71491"
        },
        "lstEnfants": []
      },
      {
        "objElement": {
          "sNoPointLivraison": "079111",
          "iIdProduit": 50689,
          "iIdRayon": 284321,
          "iIdFamille": 284362,
          "niIdSousFamille": 285531,
          "sType": "Produit",
          "sId": "50689",
          "niIdPhotoEnLigne": 2407217,
          "eIncitationLot": 0,
          "sIdUniqueRayon": "Rayon284321",
          "iIdElementPresentation": 296366,
          "sLibelleLigne1": "Croissants Pasquier",
          "sLibelleLigne2": "x8 - 320g",
          "iQteDisponible": 0,
          "sPrixUnitaire": "2,10 €",
          "fAfficherPrixUnitaire": false,
          "nrPVBRIIDeduit": 2.10,
          "sPrixPromo": "2,10 €",
          "sPrixParUniteDeMesure": "6,56 € / kg",
          "fAfficherPrixParUniteMesure": false,
          "nrPVMesureBRIIDeduit": 6.56,
          "sUrlVignetteProduit": "https://fd7-photos.leclercdrive.fr/image.ashx?id=2407217&use=l&cat=p&typeid=i",
          "fEstBRIIActifEtDisponible": false,
          "fBriiAffichageSticker": false,
          "fPrixAvantageux": false,
          "sUrlLogoBrii": "",
          "sUrlStickerCampagne": "",
          "sTexteLogoBRII": "Promotion BRII",
          "sTexteTooltipLot": "",
          "fEstVisiblePictoPromoTEL": false,
          "sCodeLotHeterogene": "",
          "sUrlLogoTEL": "",
          "sTexteLogoTel": "Promotion TEL",
          "sLibellePictoAjouterProduit": "Ajouter au panier",
          "sLibelleUrlNaviguerRayon": "Voir le rayon",
          "iQuantitePanier": 0,
          "rTotalAPayer": 0.0,
          "sTotalAPayer": "0,00 €",
          "sOrigineZoneDepeche": "",
          "fVoirRayon": false,
          "sUrlVoirRayon": "",
          "eDisponibilite": 1,
          "iIdElementPresentationPrincipale": 296366,
          "fProduitSubstitution": true,
          "sTexteEcoParticipationPrix": "",
          "fAppartientAUneListe": false,
          "sMsgHeaderPopinAuthen": "Vous devez être identifié(e) pour ajouter le produit à vos listes.",
          "fAfficherTexteProduitIndispo": true,
          "sTexteProduitIndispo": "",
          "sTexteProduitIndispoCarte": "",
          "fGainsBRD": false,
          "eTypeProduit": 1,
          "sUrlPageProduit": "https://fd7-courses.leclercdrive.fr/magasin-079111-Massy-Palaiseau/fiche-produits-50689-Croissants-Pasquier.aspx",
          "iQteMinPanier": 0,
          "iQteMaxPanier": 1000,
          "sUrlLogoDemandeVocale": "/_res/release/_img/ascWCRS414_PanierBot/picto-commande-vocale.svg?v=638163832640000000",
          "fEstDansDemandeVocale": false,
          "fEstProduitCategorieCommerciale": false,
          "lstMentionsProduit": [],
          "objAvisClient": {
            "IdProduit": 50689,
            "IdProduitBZV": 78536,
            "Addon": "AUCUN",
            "Note": {
              "Valeur": 4.5,
              "IdPicto": 162
            },
            "NbAvis": 4
          },
          "sIdUnique": "Produit50689"
        },
        "lstEnfants": []
      },
      {
        "objElement": {
          "sNoPointLivraison": "079111",
          "iIdProduit": 35160,
          "iIdRayon": 284321,
          "iIdFamille": 284362,
          "niIdSousFamille": 285531,
          "sType": "Produit",
          "sId": "35160",
          "niIdPhotoEnLigne": 2494602,
          "eIncitationLot": 0,
          "sIdUniqueRayon": "Rayon284321",
          "iIdElementPresentation": 296366,
          "sLibelleLigne1": "Croissants Pasquier",
          "sLibelleLigne2": "x16 - 640g",
          "iQteDisponible": 10,
          "sPrixUnitaire": "4,04 €",
          "fAfficherPrixUnitaire": true,
          "nrPVBRIIDeduit": 4.04,
          "sPrixPromo": "4,04 €",
          "sPrixParUniteDeMesure": "6,31 € / kg",
          "fAfficherPrixParUniteMesure": true,
          "nrPVMesureBRIIDeduit": 6.31,
          "sUrlVignetteProduit": "https://fd7-photos.leclercdrive.fr/image.ashx?id=2494602&use=l&cat=p&typeid=i",
          "fEstBRIIActifEtDisponible": false,
          "fBriiAffichageSticker": false,
          "fPrixAvantageux": false,
          "sUrlLogoBrii": "",
          "sUrlStickerCampagne": "",
          "sTexteLogoBRII": "Promotion BRII",
          "sTexteTooltipLot": "",
          "fEstVisiblePictoPromoTEL": false,
          "sCodeLotHeterogene": "",
          "sUrlLogoTEL": "",
          "sTexteLogoTel": "Promotion TEL",
          "sLibellePictoAjouterProduit": "Ajouter au panier",
          "sLibelleUrlNaviguerRayon": "Voir le rayon",
          "iQuantitePanier": 0,
          "rTotalAPayer": 0.0,
          "sTotalAPayer": "0,00 €",
          "sOrigineZoneDepeche": "",
          "fVoirRayon": false,
          "sUrlVoirRayon": "",
          "eDisponibilite": 0,
          "iIdElementPresentationPrincipale": 296366,
          "fProduitSubstitution": false,
          "sTexteEcoParticipationPrix": "",
          "fAppartientAUneListe": false,
          "sMsgHeaderPopinAuthen": "Vous devez être identifié(e) pour ajouter le produit à vos listes.",
          "fAfficherTexteProduitIndispo": false,
          "sTexteProduitIndispo": "",
          "sTexteProduitIndispoCarte": "",
          "fGainsBRD": false,
          "eTypeProduit": 1,
          "sUrlPageProduit": "https://fd7-courses.leclercdrive.fr/magasin-079111-Massy-Palaiseau/fiche-produits-35160-Croissants-Pasquier.aspx",
          "iQteMinPanier": 0,
          "iQteMaxPanier": 1000,
          "sUrlLogoDemandeVocale": "/_res/release/_img/ascWCRS414_PanierBot/picto-commande-vocale.svg?v=638163832640000000",
          "fEstDansDemandeVocale": false,
          "fEstProduitCategorieCommerciale": false,
          "lstMentionsProduit": [],
          "objAvisClient": {
            "IdProduit": 35160,
            "IdProduitBZV": 66495,
            "Addon": "AUCUN",
            "Note": {
              "Valeur": 3.0,
              "IdPicto": 159
            },
            "NbAvis": 7
          },
          "sIdUnique": "Produit35160"
        },
        "lstEnfants": []
      },
      {
        "objElement": {
          "sNoPointLivraison": "079111",
          "iIdProduit": 363,
          "iIdRayon": 284321,
          "iIdFamille": 284362,
          "niIdSousFamille": 285531,
          "sType": "Produit",
          "sId": "363",
          "niIdPhotoEnLigne": 2502838,
          "eIncitationLot": 0,
          "sIdUniqueRayon": "Rayon284321",
          "iIdElementPresentation": 296366,
          "sLibelleLigne1": "Pains au lait Epi d&#39;Or",
          "sLibelleLigne2": "x10 - 350g",
          "iQteDisponible": 0,
          "sPrixUnitaire": "1,30 €",
          "fAfficherPrixUnitaire": true,
          "nrPVBRIIDeduit": 1.30,
          "sPrixPromo": "1,30 €",
          "sPrixParUniteDeMesure": "3,71 € / kg",
          "fAfficherPrixParUniteMesure": true,
          "nrPVMesureBRIIDeduit": 3.71,
          "sUrlVignetteProduit": "https://fd7-photos.leclercdrive.fr/image.ashx?id=2502838&use=l&cat=p&typeid=i",
          "fEstBRIIActifEtDisponible": false,
          "fBriiAffichageSticker": false,
          "fPrixAvantageux": false,
          "sUrlLogoBrii": "",
          "sUrlStickerCampagne": "",
          "sTexteLogoBRII": "Promotion BRII",
          "sTexteTooltipLot": "",
          "fEstVisiblePictoPromoTEL": false,
          "sCodeLotHeterogene": "",
          "sUrlLogoTEL": "",
          "sTexteLogoTel": "Promotion TEL",
          "sLibellePictoAjouterProduit": "Ajouter au panier",
          "sLibelleUrlNaviguerRayon": "Voir le rayon",
          "iQuantitePanier": 0,
          "rTotalAPayer": 0.0,
          "sTotalAPayer": "0,00 €",
          "sOrigineZoneDepeche": "",
          "fVoirRayon": false,
          "sUrlVoirRayon": "",
          "eDisponibilite": 1,
          "iIdElementPresentationPrincipale": 296366,
          "fProduitSubstitution": false,
          "sTexteEcoParticipationPrix": "",
          "fAppartientAUneListe": false,
          "sMsgHeaderPopinAuthen": "Vous devez être identifié(e) pour ajouter le produit à vos listes.",
          "fAfficherTexteProduitIndispo": true,
          "sTexteProduitIndispo": "",
          "sTexteProduitIndispoCarte": "",
          "fGainsBRD": false,
          "eTypeProduit": 1,
          "sUrlPageProduit": "https://fd7-courses.leclercdrive.fr/magasin-079111-Massy-Palaiseau/fiche-produits-363-Pains-au-lait-Epi-dOr.aspx",
          "iQteMinPanier": 0,
          "iQteMaxPanier": 1000,
          "sUrlLogoDemandeVocale": "/_res/release/_img/ascWCRS414_PanierBot/picto-commande-vocale.svg?v=638163832640000000",
          "fEstDansDemandeVocale": false,
          "fEstProduitCategorieCommerciale": false,
          "lstMentionsProduit": [],
          "objAvisClient": {
            "IdProduit": 363,
            "IdProduitBZV": 8459,
            "Addon": "00",
            "Note": {
              "Valeur": 4.5,
              "IdPicto": 162
            },
            "NbAvis": 23
          },
          "sIdUnique": "Produit363"
        },
        "lstEnfants": []
      },
      {
        "objElement": {
          "sNoPointLivraison": "079111",
          "iIdProduit": 38812,
          "iIdRayon": 284321,
          "iIdFamille": 284362,
          "niIdSousFamille": 285531,
          "sType": "Produit",
          "sId": "38812",
          "niIdPhotoEnLigne": 2414253,
          "eIncitationLot": 0,
          "sIdUniqueRayon": "Rayon284321",
          "iIdElementPresentation": 296366,
          "sLibelleLigne1": "Pains au lait Pasquier",
          "sLibelleLigne2": "x10 - 350g",
          "iQteDisponible": 0,
          "sPrixUnitaire": "1,53 €",
          "fAfficherPrixUnitaire": true,
          "nrPVBRIIDeduit": 1.53,
          "sPrixPromo": "1,53 €",
          "sPrixParUniteDeMesure": "4,37 € / kg",
          "fAfficherPrixParUniteMesure": true,
          "nrPVMesureBRIIDeduit": 4.37,
          "sUrlVignetteProduit": "https://fd7-photos.leclercdrive.fr/image.ashx?id=2414253&use=l&cat=p&typeid=i",
          "fEstBRIIActifEtDisponible": false,
          "fBriiAffichageSticker": false,
          "fPrixAvantageux": false,
          "sUrlLogoBrii": "",
          "sUrlStickerCampagne": "",
          "sTexteLogoBRII": "Promotion BRII",
          "sTexteTooltipLot": "",
          "fEstVisiblePictoPromoTEL": false,
          "sCodeLotHeterogene": "",
          "sUrlLogoTEL": "",
          "sTexteLogoTel": "Promotion TEL",
          "sLibellePictoAjouterProduit": "Ajouter au panier",
          "sLibelleUrlNaviguerRayon": "Voir le rayon",
          "iQuantitePanier": 0,
          "rTotalAPayer": 0.0,
          "sTotalAPayer": "0,00 €",
          "sOrigineZoneDepeche": "",
          "fVoirRayon": false,
          "sUrlVoirRayon": "",
          "eDisponibilite": 1,
          "iIdElementPresentationPrincipale": 296366,
          "fProduitSubstitution": false,
          "sTexteEcoParticipationPrix": "",
          "fAppartientAUneListe": false,
          "sMsgHeaderPopinAuthen": "Vous devez être identifié(e) pour ajouter le produit à vos listes.",
          "fAfficherTexteProduitIndispo": true,
          "sTexteProduitIndispo": "",
          "sTexteProduitIndispoCarte": "",
          "fGainsBRD": false,
          "eTypeProduit": 1,
          "sUrlPageProduit": "https://fd7-courses.leclercdrive.fr/magasin-079111-Massy-Palaiseau/fiche-produits-38812-Pains-au-lait-Pasquier.aspx",
          "iQteMinPanier": 0,
          "iQteMaxPanier": 1000,
          "sUrlLogoDemandeVocale": "/_res/release/_img/ascWCRS414_PanierBot/picto-commande-vocale.svg?v=638163832640000000",
          "fEstDansDemandeVocale": false,
          "fEstProduitCategorieCommerciale": false,
          "lstMentionsProduit": [],
          "objAvisClient": {
            "IdProduit": 38812,
            "IdProduitBZV": 33771,
            "Addon": "AUCUN",
            "Note": {
              "Valeur": 3.0,
              "IdPicto": 159
            },
            "NbAvis": 3
          },
          "sIdUnique": "Produit38812"
        },
        "lstEnfants": []
      },
      {
        "objElement": {
          "sNoPointLivraison": "079111",
          "iIdProduit": 43218,
          "iIdRayon": 284321,
          "iIdFamille": 284362,
          "niIdSousFamille": 285531,
          "sType": "Produit",
          "sId": "43218",
          "niIdPhotoEnLigne": 2414256,
          "eIncitationLot": 0,
          "sIdUniqueRayon": "Rayon284321",
          "iIdElementPresentation": 296366,
          "sLibelleLigne1": "Pains au lait Pasquier",
          "sLibelleLigne2": "x20 - 700g",
          "iQteDisponible": 0,
          "sPrixUnitaire": "2,96 €",
          "fAfficherPrixUnitaire": true,
          "nrPVBRIIDeduit": 2.96,
          "sPrixPromo": "2,96 €",
          "sPrixParUniteDeMesure": "4,23 € / kg",
          "fAfficherPrixParUniteMesure": true,
          "nrPVMesureBRIIDeduit": 4.23,
          "sUrlVignetteProduit": "https://fd7-photos.leclercdrive.fr/image.ashx?id=2414256&use=l&cat=p&typeid=i",
          "fEstBRIIActifEtDisponible": false,
          "fBriiAffichageSticker": false,
          "fPrixAvantageux": false,
          "sUrlLogoBrii": "",
          "sUrlStickerCampagne": "",
          "sTexteLogoBRII": "Promotion BRII",
          "sTexteTooltipLot": "",
          "fEstVisiblePictoPromoTEL": false,
          "sCodeLotHeterogene": "",
          "sUrlLogoTEL": "",
          "sTexteLogoTel": "Promotion TEL",
          "sLibellePictoAjouterProduit": "Ajouter au panier",
          "sLibelleUrlNaviguerRayon": "Voir le rayon",
          "iQuantitePanier": 0,
          "rTotalAPayer": 0.0,
          "sTotalAPayer": "0,00 €",
          "sOrigineZoneDepeche": "",
          "fVoirRayon": false,
          "sUrlVoirRayon": "",
          "eDisponibilite": 1,
          "iIdElementPresentationPrincipale": 296366,
          "fProduitSubstitution": false,
          "sTexteEcoParticipationPrix": "",
          "fAppartientAUneListe": false,
          "sMsgHeaderPopinAuthen": "Vous devez être identifié(e) pour ajouter le produit à vos listes.",
          "fAfficherTexteProduitIndispo": true,
          "sTexteProduitIndispo": "",
          "sTexteProduitIndispoCarte": "",
          "fGainsBRD": false,
          "eTypeProduit": 1,
          "sUrlPageProduit": "https://fd7-courses.leclercdrive.fr/magasin-079111-Massy-Palaiseau/fiche-produits-43218-Pains-au-lait-Pasquier.aspx",
          "iQteMinPanier": 0,
          "iQteMaxPanier": 1000,
          "sUrlLogoDemandeVocale": "/_res/release/_img/ascWCRS414_PanierBot/picto-commande-vocale.svg?v=638163832640000000",
          "fEstDansDemandeVocale": false,
          "fEstProduitCategorieCommerciale": false,
          "lstMentionsProduit": [],
          "objAvisClient": {
            "IdProduit": 43218,
            "IdProduitBZV": 45238,
            "Addon": "AUCUN",
            "Note": {
              "Valeur": 4.5,
              "IdPicto": 162
            },
            "NbAvis": 12
          },
          "sIdUnique": "Produit43218"
        },
        "lstEnfants": []
      },
      {
        "objElement": {
          "sNoPointLivraison": "079111",
          "iIdProduit": 19119,
          "iIdRayon": 284321,
          "iIdFamille": 284362,
          "niIdSousFamille": 285531,
          "sType": "Produit",
          "sId": "19119",
          "niIdPhotoEnLigne": 2277194,
          "eIncitationLot": 0,
          "sIdUniqueRayon": "Rayon284321",
          "iIdElementPresentation": 296366,
          "sLibelleLigne1": "Pains au lait La Boulang&#232;re",
          "sLibelleLigne2": "Bio x8 - 280g",
          "iQteDisponible": 0,
          "sPrixUnitaire": "1,86 €",
          "fAfficherPrixUnitaire": true,
          "nrPVBRIIDeduit": 1.86,
          "sPrixPromo": "1,86 €",
          "sPrixParUniteDeMesure": "6,64 € / kg",
          "fAfficherPrixParUniteMesure": true,
          "nrPVMesureBRIIDeduit": 6.64,
          "sUrlVignetteProduit": "https://fd7-photos.leclercdrive.fr/image.ashx?id=2277194&use=l&cat=p&typeid=i",
          "fEstBRIIActifEtDisponible": false,
          "fBriiAffichageSticker": false,
          "fPrixAvantageux": false,
          "sUrlLogoBrii": "",
          "sUrlStickerCampagne": "",
          "sTexteLogoBRII": "Promotion BRII",
          "sTexteTooltipLot": "",
          "fEstVisiblePictoPromoTEL": false,
          "sCodeLotHeterogene": "",
          "sUrlLogoTEL": "",
          "sTexteLogoTel": "Promotion TEL",
          "sLibellePictoAjouterProduit": "Ajouter au panier",
          "sLibelleUrlNaviguerRayon": "Voir le rayon",
          "iQuantitePanier": 0,
          "rTotalAPayer": 0.0,
          "sTotalAPayer": "0,00 €",
          "sOrigineZoneDepeche": "",
          "fVoirRayon": false,
          "sUrlVoirRayon": "",
          "eDisponibilite": 1,
          "iIdElementPresentationPrincipale": 296366,
          "fProduitSubstitution": false,
          "sTexteEcoParticipationPrix": "",
          "fAppartientAUneListe": false,
          "sMsgHeaderPopinAuthen": "Vous devez être identifié(e) pour ajouter le produit à vos listes.",
          "fAfficherTexteProduitIndispo": true,
          "sTexteProduitIndispo": "",
          "sTexteProduitIndispoCarte": "",
          "fGainsBRD": false,
          "eTypeProduit": 1,
          "sUrlPageProduit": "https://fd7-courses.leclercdrive.fr/magasin-079111-Massy-Palaiseau/fiche-produits-19119-Pains-au-lait-La-Boulangere.aspx",
          "iQteMinPanier": 0,
          "iQteMaxPanier": 1000,
          "sUrlLogoDemandeVocale": "/_res/release/_img/ascWCRS414_PanierBot/picto-commande-vocale.svg?v=638163832640000000",
          "fEstDansDemandeVocale": false,
          "fEstProduitCategorieCommerciale": false,
          "lstMentionsProduit": [],
          "objAvisClient": {
            "IdProduit": 19119,
            "IdProduitBZV": 2457,
            "Addon": "AUCUN",
            "Note": {
              "Valeur": 4.0,
              "IdPicto": 161
            },
            "NbAvis": 18
          },
          "sIdUnique": "Produit19119"
        },
        "lstEnfants": []
      },
      {
        "objElement": {
          "sNoPointLivraison": "079111",
          "iIdProduit": 60192,
          "iIdRayon": 284321,
          "iIdFamille": 284362,
          "niIdSousFamille": 285531,
          "sType": "Produit",
          "sId": "60192",
          "niIdPhotoEnLigne": 2251670,
          "eIncitationLot": 0,
          "sIdUniqueRayon": "Rayon284321",
          "iIdElementPresentation": 296366,
          "sLibelleLigne1": "Pancakes Le Ster ",
          "sLibelleLigne2": "x8 - 280g",
          "iQteDisponible": 20,
          "sPrixUnitaire": "2,03 €",
          "fAfficherPrixUnitaire": true,
          "nrPVBRIIDeduit": 2.03,
          "sPrixPromo": "2,03 €",
          "sPrixParUniteDeMesure": "7,25 € / kg",
          "fAfficherPrixParUniteMesure": true,
          "nrPVMesureBRIIDeduit": 7.25,
          "sUrlVignetteProduit": "https://fd7-photos.leclercdrive.fr/image.ashx?id=2251670&use=l&cat=p&typeid=i",
          "fEstBRIIActifEtDisponible": false,
          "fBriiAffichageSticker": false,
          "fPrixAvantageux": false,
          "sUrlLogoBrii": "",
          "sUrlStickerCampagne": "",
          "sTexteLogoBRII": "Promotion BRII",
          "sTexteTooltipLot": "",
          "fEstVisiblePictoPromoTEL": false,
          "sCodeLotHeterogene": "",
          "sUrlLogoTEL": "",
          "sTexteLogoTel": "Promotion TEL",
          "sLibellePictoAjouterProduit": "Ajouter au panier",
          "sLibelleUrlNaviguerRayon": "Voir le rayon",
          "iQuantitePanier": 0,
          "rTotalAPayer": 0.0,
          "sTotalAPayer": "0,00 €",
          "sOrigineZoneDepeche": "",
          "fVoirRayon": false,
          "sUrlVoirRayon": "",
          "eDisponibilite": 0,
          "iIdElementPresentationPrincipale": 296366,
          "fProduitSubstitution": false,
          "sTexteEcoParticipationPrix": "",
          "fAppartientAUneListe": false,
          "sMsgHeaderPopinAuthen": "Vous devez être identifié(e) pour ajouter le produit à vos listes.",
          "fAfficherTexteProduitIndispo": false,
          "sTexteProduitIndispo": "",
          "sTexteProduitIndispoCarte": "",
          "fGainsBRD": false,
          "eTypeProduit": 1,
          "sUrlPageProduit": "https://fd7-courses.leclercdrive.fr/magasin-079111-Massy-Palaiseau/fiche-produits-60192-Pancakes-Le-Ster-.aspx",
          "iQteMinPanier": 0,
          "iQteMaxPanier": 1000,
          "sUrlLogoDemandeVocale": "/_res/release/_img/ascWCRS414_PanierBot/picto-commande-vocale.svg?v=638163832640000000",
          "fEstDansDemandeVocale": false,
          "fEstProduitCategorieCommerciale": false,
          "lstMentionsProduit": [],
          "objAvisClient": {
            "IdProduit": 60192,
            "IdProduitBZV": 35158,
            "Addon": "AUCUN",
            "Note": {
              "Valeur": 4.5,
              "IdPicto": 162
            },
            "NbAvis": 7
          },
          "sIdUnique": "Produit60192"
        },
        "lstEnfants": []
      },
      {
        "objElement": {
          "sNoPointLivraison": "079111",
          "iIdProduit": 60015,
          "iIdRayon": 284321,
          "iIdFamille": 284362,
          "niIdSousFamille": 285531,
          "sType": "Produit",
          "sId": "60015",
          "niIdPhotoEnLigne": 2409199,
          "eIncitationLot": 0,
          "sIdUniqueRayon": "Rayon284321",
          "iIdElementPresentation": 296366,
          "sLibelleLigne1": "Pancakes Pasquier",
          "sLibelleLigne2": "x10 - 350g",
          "iQteDisponible": 16,
          "sPrixUnitaire": "2,15 €",
          "fAfficherPrixUnitaire": true,
          "nrPVBRIIDeduit": 2.15,
          "sPrixPromo": "2,15 €",
          "sPrixParUniteDeMesure": "6,14 € / kg",
          "fAfficherPrixParUniteMesure": true,
          "nrPVMesureBRIIDeduit": 6.14,
          "sUrlVignetteProduit": "https://fd7-photos.leclercdrive.fr/image.ashx?id=2409199&use=l&cat=p&typeid=i",
          "fEstBRIIActifEtDisponible": false,
          "fBriiAffichageSticker": false,
          "fPrixAvantageux": false,
          "sUrlLogoBrii": "",
          "sUrlStickerCampagne": "",
          "sTexteLogoBRII": "Promotion BRII",
          "sTexteTooltipLot": "",
          "fEstVisiblePictoPromoTEL": false,
          "sCodeLotHeterogene": "",
          "sUrlLogoTEL": "",
          "sTexteLogoTel": "Promotion TEL",
          "sLibellePictoAjouterProduit": "Ajouter au panier",
          "sLibelleUrlNaviguerRayon": "Voir le rayon",
          "iQuantitePanier": 0,
          "rTotalAPayer": 0.0,
          "sTotalAPayer": "0,00 €",
          "sOrigineZoneDepeche": "",
          "fVoirRayon": false,
          "sUrlVoirRayon": "",
          "eDisponibilite": 0,
          "iIdElementPresentationPrincipale": 296366,
          "fProduitSubstitution": false,
          "sTexteEcoParticipationPrix": "",
          "fAppartientAUneListe": false,
          "sMsgHeaderPopinAuthen": "Vous devez être identifié(e) pour ajouter le produit à vos listes.",
          "fAfficherTexteProduitIndispo": false,
          "sTexteProduitIndispo": "",
          "sTexteProduitIndispoCarte": "",
          "fGainsBRD": false,
          "eTypeProduit": 1,
          "sUrlPageProduit": "https://fd7-courses.leclercdrive.fr/magasin-079111-Massy-Palaiseau/fiche-produits-60015-Pancakes-Pasquier.aspx",
          "iQteMinPanier": 0,
          "iQteMaxPanier": 1000,
          "sUrlLogoDemandeVocale": "/_res/release/_img/ascWCRS414_PanierBot/picto-commande-vocale.svg?v=638163832640000000",
          "fEstDansDemandeVocale": false,
          "fEstProduitCategorieCommerciale": false,
          "lstMentionsProduit": [],
          "objAvisClient": {
            "IdProduit": 60015,
            "IdProduitBZV": 40716,
            "Addon": "AUCUN",
            "Note": {
              "Valeur": 4.0,
              "IdPicto": 161
            },
            "NbAvis": 17
          },
          "sIdUnique": "Produit60015"
        },
        "lstEnfants": []
      },
      {
        "objElement": {
          "sNoPointLivraison": "079111",
          "iIdProduit": 159944,
          "iIdRayon": 284321,
          "iIdFamille": 284362,
          "niIdSousFamille": 285531,
          "sType": "Produit",
          "sId": "159944",
          "niIdPhotoEnLigne": 2411024,
          "eIncitationLot": 0,
          "sIdUniqueRayon": "Rayon284321",
          "iIdElementPresentation": 296366,
          "sLibelleLigne1": "Pancakes Pasquier",
          "sLibelleLigne2": "P&#233;pites de chocolat x10 - 350g",
          "iQteDisponible": 0,
          "sPrixUnitaire": "2,79 €",
          "fAfficherPrixUnitaire": true,
          "nrPVBRIIDeduit": 2.79,
          "sPrixPromo": "2,79 €",
          "sPrixParUniteDeMesure": "7,97 € / kg",
          "fAfficherPrixParUniteMesure": true,
          "nrPVMesureBRIIDeduit": 7.97,
          "sUrlVignetteProduit": "https://fd7-photos.leclercdrive.fr/image.ashx?id=2411024&use=l&cat=p&typeid=i",
          "fEstBRIIActifEtDisponible": false,
          "fBriiAffichageSticker": false,
          "fPrixAvantageux": false,
          "sUrlLogoBrii": "",
          "sUrlStickerCampagne": "",
          "sTexteLogoBRII": "Promotion BRII",
          "sTexteTooltipLot": "",
          "fEstVisiblePictoPromoTEL": false,
          "sCodeLotHeterogene": "",
          "sUrlLogoTEL": "",
          "sTexteLogoTel": "Promotion TEL",
          "sLibellePictoAjouterProduit": "Ajouter au panier",
          "sLibelleUrlNaviguerRayon": "Voir le rayon",
          "iQuantitePanier": 0,
          "rTotalAPayer": 0.0,
          "sTotalAPayer": "0,00 €",
          "sOrigineZoneDepeche": "",
          "fVoirRayon": false,
          "sUrlVoirRayon": "",
          "eDisponibilite": 1,
          "iIdElementPresentationPrincipale": 296366,
          "fProduitSubstitution": false,
          "sTexteEcoParticipationPrix": "",
          "fAppartientAUneListe": false,
          "sMsgHeaderPopinAuthen": "Vous devez être identifié(e) pour ajouter le produit à vos listes.",
          "fAfficherTexteProduitIndispo": true,
          "sTexteProduitIndispo": "",
          "sTexteProduitIndispoCarte": "",
          "fGainsBRD": false,
          "eTypeProduit": 1,
          "nrContenanceSecondaireValeur": 10.000,
          "sContenanceSecondaireUnite": "p",
          "sUrlPageProduit": "https://fd7-courses.leclercdrive.fr/magasin-079111-Massy-Palaiseau/fiche-produits-159944-Pancakes-Pasquier.aspx",
          "iQteMinPanier": 0,
          "iQteMaxPanier": 1000,
          "sUrlLogoDemandeVocale": "/_res/release/_img/ascWCRS414_PanierBot/picto-commande-vocale.svg?v=638163832640000000",
          "fEstDansDemandeVocale": false,
          "fEstProduitCategorieCommerciale": false,
          "lstMentionsProduit": [],
          "objAvisClient": {
            "IdProduit": 159944,
            "IdProduitBZV": 101916,
            "Addon": "AUCUN",
            "Note": {
              "Valeur": 5.0,
              "IdPicto": 163
            },
            "NbAvis": 1
          },
          "sIdUnique": "Produit159944"
        },
        "lstEnfants": []
      },
      {
        "objElement": {
          "sNoPointLivraison": "079111",
          "iIdProduit": 129933,
          "iIdRayon": 284321,
          "iIdFamille": 284362,
          "niIdSousFamille": 285531,
          "sType": "Produit",
          "sId": "129933",
          "niIdPhotoEnLigne": 2406001,
          "eIncitationLot": 0,
          "sIdUniqueRayon": "Rayon284321",
          "iIdElementPresentation": 296366,
          "sLibelleLigne1": "Beignets Pasquier",
          "sLibelleLigne2": "Pomme x6 - 270g",
          "iQteDisponible": 0,
          "sPrixUnitaire": "2,58 €",
          "fAfficherPrixUnitaire": true,
          "nrPVBRIIDeduit": 2.58,
          "sPrixPromo": "2,58 €",
          "sPrixParUniteDeMesure": "9,56 € / kg",
          "fAfficherPrixParUniteMesure": true,
          "nrPVMesureBRIIDeduit": 9.56,
          "sUrlVignetteProduit": "https://fd7-photos.leclercdrive.fr/image.ashx?id=2406001&use=l&cat=p&typeid=i",
          "fEstBRIIActifEtDisponible": false,
          "fBriiAffichageSticker": false,
          "fPrixAvantageux": false,
          "sUrlLogoBrii": "",
          "sUrlStickerCampagne": "",
          "sTexteLogoBRII": "Promotion BRII",
          "sTexteTooltipLot": "",
          "fEstVisiblePictoPromoTEL": false,
          "sCodeLotHeterogene": "",
          "sUrlLogoTEL": "",
          "sTexteLogoTel": "Promotion TEL",
          "sLibellePictoAjouterProduit": "Ajouter au panier",
          "sLibelleUrlNaviguerRayon": "Voir le rayon",
          "iQuantitePanier": 0,
          "rTotalAPayer": 0.0,
          "sTotalAPayer": "0,00 €",
          "sOrigineZoneDepeche": "",
          "fVoirRayon": false,
          "sUrlVoirRayon": "",
          "eDisponibilite": 1,
          "iIdElementPresentationPrincipale": 296366,
          "fProduitSubstitution": false,
          "sTexteEcoParticipationPrix": "",
          "fAppartientAUneListe": false,
          "sMsgHeaderPopinAuthen": "Vous devez être identifié(e) pour ajouter le produit à vos listes.",
          "fAfficherTexteProduitIndispo": true,
          "sTexteProduitIndispo": "",
          "sTexteProduitIndispoCarte": "",
          "fGainsBRD": false,
          "eTypeProduit": 1,
          "sUrlPageProduit": "https://fd7-courses.leclercdrive.fr/magasin-079111-Massy-Palaiseau/fiche-produits-129933-Beignets-Pasquier.aspx",
          "iQteMinPanier": 0,
          "iQteMaxPanier": 1000,
          "sUrlLogoDemandeVocale": "/_res/release/_img/ascWCRS414_PanierBot/picto-commande-vocale.svg?v=638163832640000000",
          "fEstDansDemandeVocale": false,
          "fEstProduitCategorieCommerciale": false,
          "lstMentionsProduit": [],
          "objAvisClient": {
            "IdProduit": 129933,
            "IdProduitBZV": 12916,
            "Addon": "AUCUN",
            "Note": {
              "Valeur": 3.0,
              "IdPicto": 159
            },
            "NbAvis": 3
          },
          "sIdUnique": "Produit129933"
        },
        "lstEnfants": []
      },
      {
        "objElement": {
          "sNoPointLivraison": "079111",
          "iIdProduit": 129934,
          "iIdRayon": 284321,
          "iIdFamille": 284362,
          "niIdSousFamille": 285531,
          "sType": "Produit",
          "sId": "129934",
          "niIdPhotoEnLigne": 2406004,
          "eIncitationLot": 0,
          "sIdUniqueRayon": "Rayon284321",
          "iIdElementPresentation": 296366,
          "sLibelleLigne1": "Beignets Pasquier",
          "sLibelleLigne2": "Chocolat noisette - x6 - 270g",
          "iQteDisponible": 6,
          "sPrixUnitaire": "2,59 €",
          "fAfficherPrixUnitaire": true,
          "nrPVBRIIDeduit": 2.59,
          "sPrixPromo": "2,59 €",
          "sPrixParUniteDeMesure": "9,59 € / kg",
          "fAfficherPrixParUniteMesure": true,
          "nrPVMesureBRIIDeduit": 9.59,
          "sUrlVignetteProduit": "https://fd7-photos.leclercdrive.fr/image.ashx?id=2406004&use=l&cat=p&typeid=i",
          "fEstBRIIActifEtDisponible": false,
          "fBriiAffichageSticker": false,
          "fPrixAvantageux": false,
          "sUrlLogoBrii": "",
          "sUrlStickerCampagne": "",
          "sTexteLogoBRII": "Promotion BRII",
          "sTexteTooltipLot": "",
          "fEstVisiblePictoPromoTEL": false,
          "sCodeLotHeterogene": "",
          "sUrlLogoTEL": "",
          "sTexteLogoTel": "Promotion TEL",
          "sLibellePictoAjouterProduit": "Ajouter au panier",
          "sLibelleUrlNaviguerRayon": "Voir le rayon",
          "iQuantitePanier": 0,
          "rTotalAPayer": 0.0,
          "sTotalAPayer": "0,00 €",
          "sOrigineZoneDepeche": "",
          "fVoirRayon": false,
          "sUrlVoirRayon": "",
          "eDisponibilite": 0,
          "iIdElementPresentationPrincipale": 296366,
          "fProduitSubstitution": false,
          "sTexteEcoParticipationPrix": "",
          "fAppartientAUneListe": false,
          "sMsgHeaderPopinAuthen": "Vous devez être identifié(e) pour ajouter le produit à vos listes.",
          "fAfficherTexteProduitIndispo": false,
          "sTexteProduitIndispo": "",
          "sTexteProduitIndispoCarte": "",
          "fGainsBRD": false,
          "eTypeProduit": 1,
          "sUrlPageProduit": "https://fd7-courses.leclercdrive.fr/magasin-079111-Massy-Palaiseau/fiche-produits-129934-Beignets-Pasquier.aspx",
          "iQteMinPanier": 0,
          "iQteMaxPanier": 1000,
          "sUrlLogoDemandeVocale": "/_res/release/_img/ascWCRS414_PanierBot/picto-commande-vocale.svg?v=638163832640000000",
          "fEstDansDemandeVocale": false,
          "fEstProduitCategorieCommerciale": false,
          "lstMentionsProduit": [],
          "objAvisClient": {
            "IdProduit": 129934,
            "IdProduitBZV": 5957,
            "Addon": "AUCUN",
            "Note": {
              "Valeur": 2.5,
              "IdPicto": 158
            },
            "NbAvis": 3
          },
          "sIdUnique": "Produit129934"
        },
        "lstEnfants": []
      },
      {
        "objElement": {
          "sNoPointLivraison": "079111",
          "iIdProduit": 101478,
          "iIdRayon": 284321,
          "iIdFamille": 284362,
          "niIdSousFamille": 285531,
          "sType": "Produit",
          "sId": "101478",
          "niIdPhotoEnLigne": 2469710,
          "eIncitationLot": 0,
          "sIdUniqueRayon": "Rayon284321",
          "iIdElementPresentation": 296366,
          "sLibelleLigne1": "Petit Chinois La fourn&#233;e Dor&#233;e",
          "sLibelleLigne2": "Cr&#232;me patissi&#232;re - x6 - 300g",
          "iQteDisponible": 9,
          "sPrixUnitaire": "1,98 €",
          "fAfficherPrixUnitaire": true,
          "nrPVBRIIDeduit": 1.98,
          "sPrixPromo": "1,98 €",
          "sPrixParUniteDeMesure": "6,60 € / kg",
          "fAfficherPrixParUniteMesure": true,
          "nrPVMesureBRIIDeduit": 6.60,
          "sUrlVignetteProduit": "https://fd7-photos.leclercdrive.fr/image.ashx?id=2469710&use=l&cat=p&typeid=i",
          "fEstBRIIActifEtDisponible": false,
          "fBriiAffichageSticker": false,
          "fPrixAvantageux": false,
          "sUrlLogoBrii": "",
          "sUrlStickerCampagne": "",
          "sTexteLogoBRII": "Promotion BRII",
          "sTexteTooltipLot": "",
          "fEstVisiblePictoPromoTEL": false,
          "sCodeLotHeterogene": "",
          "sUrlLogoTEL": "",
          "sTexteLogoTel": "Promotion TEL",
          "sLibellePictoAjouterProduit": "Ajouter au panier",
          "sLibelleUrlNaviguerRayon": "Voir le rayon",
          "iQuantitePanier": 0,
          "rTotalAPayer": 0.0,
          "sTotalAPayer": "0,00 €",
          "sOrigineZoneDepeche": "",
          "fVoirRayon": false,
          "sUrlVoirRayon": "",
          "eDisponibilite": 0,
          "iIdElementPresentationPrincipale": 296366,
          "fProduitSubstitution": false,
          "sTexteEcoParticipationPrix": "",
          "fAppartientAUneListe": false,
          "sMsgHeaderPopinAuthen": "Vous devez être identifié(e) pour ajouter le produit à vos listes.",
          "fAfficherTexteProduitIndispo": false,
          "sTexteProduitIndispo": "",
          "sTexteProduitIndispoCarte": "",
          "fGainsBRD": false,
          "eTypeProduit": 1,
          "sUrlPageProduit": "https://fd7-courses.leclercdrive.fr/magasin-079111-Massy-Palaiseau/fiche-produits-101478-Petit-Chinois-La-fournee-Doree.aspx",
          "iQteMinPanier": 0,
          "iQteMaxPanier": 1000,
          "sUrlLogoDemandeVocale": "/_res/release/_img/ascWCRS414_PanierBot/picto-commande-vocale.svg?v=638163832640000000",
          "fEstDansDemandeVocale": false,
          "fEstProduitCategorieCommerciale": false,
          "lstMentionsProduit": [],
          "objAvisClient": {
            "IdProduit": 101478,
            "IdProduitBZV": 61486,
            "Addon": "AUCUN",
            "Note": {
              "Valeur": 3.5,
              "IdPicto": 160
            },
            "NbAvis": 2
          },
          "sIdUnique": "Produit101478"
        },
        "lstEnfants": []
      },
      {
        "objElement": {
          "sNoPointLivraison": "079111",
          "iIdProduit": 137772,
          "iIdRayon": 284321,
          "iIdFamille": 284362,
          "niIdSousFamille": 285531,
          "sType": "Produit",
          "sId": "137772",
          "niIdPhotoEnLigne": 2264018,
          "eIncitationLot": 0,
          "sIdUniqueRayon": "Rayon284321",
          "iIdElementPresentation": 296366,
          "sLibelleLigne1": "Pancakes La fourn&#233;e Dor&#233;e",
          "sLibelleLigne2": "350g",
          "iQteDisponible": 0,
          "sPrixUnitaire": "2,39 €",
          "fAfficherPrixUnitaire": true,
          "nrPVBRIIDeduit": 2.39,
          "sPrixPromo": "2,39 €",
          "sPrixParUniteDeMesure": "6,83 € / kg",
          "fAfficherPrixParUniteMesure": true,
          "nrPVMesureBRIIDeduit": 6.83,
          "sUrlVignetteProduit": "https://fd7-photos.leclercdrive.fr/image.ashx?id=2264018&use=l&cat=p&typeid=i",
          "fEstBRIIActifEtDisponible": false,
          "fBriiAffichageSticker": false,
          "fPrixAvantageux": false,
          "sUrlLogoBrii": "",
          "sUrlStickerCampagne": "",
          "sTexteLogoBRII": "Promotion BRII",
          "sTexteTooltipLot": "",
          "fEstVisiblePictoPromoTEL": false,
          "sCodeLotHeterogene": "",
          "sUrlLogoTEL": "",
          "sTexteLogoTel": "Promotion TEL",
          "sLibellePictoAjouterProduit": "Ajouter au panier",
          "sLibelleUrlNaviguerRayon": "Voir le rayon",
          "iQuantitePanier": 0,
          "rTotalAPayer": 0.0,
          "sTotalAPayer": "0,00 €",
          "sOrigineZoneDepeche": "",
          "fVoirRayon": false,
          "sUrlVoirRayon": "",
          "eDisponibilite": 1,
          "iIdElementPresentationPrincipale": 296366,
          "fProduitSubstitution": false,
          "sTexteEcoParticipationPrix": "",
          "fAppartientAUneListe": false,
          "sMsgHeaderPopinAuthen": "Vous devez être identifié(e) pour ajouter le produit à vos listes.",
          "fAfficherTexteProduitIndispo": true,
          "sTexteProduitIndispo": "",
          "sTexteProduitIndispoCarte": "",
          "fGainsBRD": false,
          "eTypeProduit": 1,
          "sUrlPageProduit": "https://fd7-courses.leclercdrive.fr/magasin-079111-Massy-Palaiseau/fiche-produits-137772-Pancakes-La-fournee-Doree.aspx",
          "iQteMinPanier": 0,
          "iQteMaxPanier": 1000,
          "sUrlLogoDemandeVocale": "/_res/release/_img/ascWCRS414_PanierBot/picto-commande-vocale.svg?v=638163832640000000",
          "fEstDansDemandeVocale": false,
          "fEstProduitCategorieCommerciale": false,
          "lstMentionsProduit": [],
          "objAvisClient": {
            "IdProduit": 137772,
            "IdProduitBZV": 46476,
            "Addon": "AUCUN",
            "Note": {
              "Valeur": 5.0,
              "IdPicto": 163
            },
            "NbAvis": 2
          },
          "sIdUnique": "Produit137772"
        },
        "lstEnfants": []
      },
      {
        "objElement": {
          "sNoPointLivraison": "079111",
          "iIdProduit": 162175,
          "iIdRayon": 284321,
          "iIdFamille": 284362,
          "niIdSousFamille": 285531,
          "sType": "Produit",
          "sId": "162175",
          "niIdPhotoEnLigne": 2354434,
          "eIncitationLot": 0,
          "sIdUniqueRayon": "Rayon284321",
          "iIdElementPresentation": 296366,
          "sLibelleLigne1": "Pancakes chocolat Whaou!",
          "sLibelleLigne2": "x7 - 259g",
          "iQteDisponible": 13,
          "sPrixUnitaire": "2,50 €",
          "fAfficherPrixUnitaire": true,
          "nrPVBRIIDeduit": 2.50,
          "sPrixPromo": "2,50 €",
          "sPrixParUniteDeMesure": "9,65 € / kg",
          "fAfficherPrixParUniteMesure": true,
          "nrPVMesureBRIIDeduit": 9.65,
          "sUrlVignetteProduit": "https://fd7-photos.leclercdrive.fr/image.ashx?id=2354434&use=l&cat=p&typeid=i",
          "fEstBRIIActifEtDisponible": false,
          "fBriiAffichageSticker": false,
          "fPrixAvantageux": false,
          "sUrlLogoBrii": "",
          "sUrlStickerCampagne": "",
          "sTexteLogoBRII": "Promotion BRII",
          "sTexteTooltipLot": "",
          "fEstVisiblePictoPromoTEL": false,
          "sCodeLotHeterogene": "",
          "sUrlLogoTEL": "",
          "sTexteLogoTel": "Promotion TEL",
          "sLibellePictoAjouterProduit": "Ajouter au panier",
          "sLibelleUrlNaviguerRayon": "Voir le rayon",
          "iQuantitePanier": 0,
          "rTotalAPayer": 0.0,
          "sTotalAPayer": "0,00 €",
          "sOrigineZoneDepeche": "",
          "fVoirRayon": false,
          "sUrlVoirRayon": "",
          "eDisponibilite": 0,
          "iIdElementPresentationPrincipale": 296366,
          "fProduitSubstitution": false,
          "sTexteEcoParticipationPrix": "",
          "fAppartientAUneListe": false,
          "sMsgHeaderPopinAuthen": "Vous devez être identifié(e) pour ajouter le produit à vos listes.",
          "fAfficherTexteProduitIndispo": false,
          "sTexteProduitIndispo": "",
          "sTexteProduitIndispoCarte": "",
          "fGainsBRD": false,
          "eTypeProduit": 1,
          "sUrlPageProduit": "https://fd7-courses.leclercdrive.fr/magasin-079111-Massy-Palaiseau/fiche-produits-162175-Pancakes-chocolat-Whaou.aspx",
          "iQteMinPanier": 0,
          "iQteMaxPanier": 1000,
          "sUrlLogoDemandeVocale": "/_res/release/_img/ascWCRS414_PanierBot/picto-commande-vocale.svg?v=638163832640000000",
          "fEstDansDemandeVocale": false,
          "fEstProduitCategorieCommerciale": false,
          "lstMentionsProduit": [],
          "objAvisClient": {
            "IdProduit": 162175,
            "IdProduitBZV": 99887,
            "Addon": "AUCUN",
            "Note": {
              "Valeur": 4.0,
              "IdPicto": 161
            },
            "NbAvis": 2
          },
          "sIdUnique": "Produit162175"
        },
        "lstEnfants": []
      },
      {
        "objElement": {
          "sNoPointLivraison": "079111",
          "iIdProduit": 178354,
          "iIdRayon": 284321,
          "iIdFamille": 284362,
          "niIdSousFamille": 285531,
          "sType": "Produit",
          "sId": "178354",
          "niIdPhotoEnLigne": 2316652,
          "eIncitationLot": 0,
          "sIdUniqueRayon": "Rayon284321",
          "iIdElementPresentation": 284984,
          "sLibelleLigne1": "G&#226;che tranch&#233;e Bio",
          "sLibelleLigne2": "Pur Beurre - 400g",
          "iQteDisponible": 11,
          "sPrixUnitaire": "4,35 €",
          "fAfficherPrixUnitaire": true,
          "nrPVBRIIDeduit": 4.35,
          "sPrixPromo": "4,35 €",
          "sPrixParUniteDeMesure": "10,88 € / kg",
          "fAfficherPrixParUniteMesure": true,
          "nrPVMesureBRIIDeduit": 10.88,
          "sUrlVignetteProduit": "https://fd7-photos.leclercdrive.fr/image.ashx?id=2316652&use=l&cat=p&typeid=i",
          "fEstBRIIActifEtDisponible": false,
          "fBriiAffichageSticker": false,
          "fPrixAvantageux": false,
          "sUrlLogoBrii": "",
          "sUrlStickerCampagne": "",
          "sTexteLogoBRII": "Promotion BRII",
          "sTexteTooltipLot": "",
          "fEstVisiblePictoPromoTEL": true,
          "sCodeLotHeterogene": "",
          "sUrlLogoTEL": "https://fd7-photos.leclercdrive.fr/StickerPromo.ashx?type=100&val=10.00&unit=1&mindim=41&v=2",
          "sTexteLogoTel": "Promotion TEL",
          "sLibellePictoAjouterProduit": "Ajouter au panier",
          "sLibelleUrlNaviguerRayon": "Voir le rayon",
          "iQuantitePanier": 0,
          "rTotalAPayer": 0.0,
          "sTotalAPayer": "0,00 €",
          "sOrigineZoneDepeche": "",
          "fVoirRayon": false,
          "sUrlVoirRayon": "",
          "eDisponibilite": 0,
          "iIdElementPresentationPrincipale": 284984,
          "fProduitSubstitution": false,
          "sTexteEcoParticipationPrix": "",
          "fAppartientAUneListe": false,
          "sMsgHeaderPopinAuthen": "Vous devez être identifié(e) pour ajouter le produit à vos listes.",
          "fAfficherTexteProduitIndispo": false,
          "sTexteProduitIndispo": "",
          "sTexteProduitIndispoCarte": "",
          "fGainsBRD": false,
          "eTypeProduit": 1,
          "sUrlPageProduit": "https://fd7-courses.leclercdrive.fr/magasin-079111-Massy-Palaiseau/fiche-produits-178354-Gache-tranchee-Bio.aspx",
          "iQteMinPanier": 0,
          "iQteMaxPanier": 1000,
          "sUrlLogoDemandeVocale": "/_res/release/_img/ascWCRS414_PanierBot/picto-commande-vocale.svg?v=638163832640000000",
          "fEstDansDemandeVocale": false,
          "fEstProduitCategorieCommerciale": false,
          "lstMentionsProduit": [],
          "objAvisClient": {
            "IdProduit": 178354,
            "IdProduitBZV": 116459,
            "Addon": "AUCUN"
          },
          "sIdUnique": "Produit178354"
        },
        "lstEnfants": []
      },
      {
        "objElement": {
          "sNoPointLivraison": "079111",
          "iIdProduit": 361,
          "iIdRayon": 284321,
          "iIdFamille": 284362,
          "niIdSousFamille": 285529,
          "sType": "Produit",
          "sId": "361",
          "niIdPhotoEnLigne": 2517763,
          "eIncitationLot": 0,
          "sIdUniqueRayon": "Rayon284321",
          "iIdElementPresentation": 284478,
          "sLibelleLigne1": "Brioche tranch&#233;e Epi d&#39;Or",
          "sLibelleLigne2": "Nature - 500g",
          "iQteDisponible": 11,
          "sPrixUnitaire": "1,63 €",
          "fAfficherPrixUnitaire": true,
          "nrPVBRIIDeduit": 1.63,
          "sPrixPromo": "1,63 €",
          "sPrixParUniteDeMesure": "3,26 € / kg",
          "fAfficherPrixParUniteMesure": true,
          "nrPVMesureBRIIDeduit": 3.26,
          "sUrlVignetteProduit": "https://fd7-photos.leclercdrive.fr/image.ashx?id=2517763&use=l&cat=p&typeid=i",
          "fEstBRIIActifEtDisponible": false,
          "fBriiAffichageSticker": false,
          "fPrixAvantageux": false,
          "sUrlLogoBrii": "",
          "sUrlStickerCampagne": "",
          "sTexteLogoBRII": "Promotion BRII",
          "sTexteTooltipLot": "",
          "fEstVisiblePictoPromoTEL": false,
          "sCodeLotHeterogene": "",
          "sUrlLogoTEL": "",
          "sTexteLogoTel": "Promotion TEL",
          "sLibellePictoAjouterProduit": "Ajouter au panier",
          "sLibelleUrlNaviguerRayon": "Voir le rayon",
          "iQuantitePanier": 0,
          "rTotalAPayer": 0.0,
          "sTotalAPayer": "0,00 €",
          "sOrigineZoneDepeche": "",
          "fVoirRayon": false,
          "sUrlVoirRayon": "",
          "eDisponibilite": 0,
          "iIdElementPresentationPrincipale": 284478,
          "fProduitSubstitution": false,
          "sTexteEcoParticipationPrix": "",
          "fAppartientAUneListe": false,
          "sMsgHeaderPopinAuthen": "Vous devez être identifié(e) pour ajouter le produit à vos listes.",
          "fAfficherTexteProduitIndispo": false,
          "sTexteProduitIndispo": "",
          "sTexteProduitIndispoCarte": "",
          "fGainsBRD": false,
          "eTypeProduit": 1,
          "sUrlPageProduit": "https://fd7-courses.leclercdrive.fr/magasin-079111-Massy-Palaiseau/fiche-produits-361-Brioche-tranchee-Epi-dOr.aspx",
          "iQteMinPanier": 0,
          "iQteMaxPanier": 1000,
          "sUrlLogoDemandeVocale": "/_res/release/_img/ascWCRS414_PanierBot/picto-commande-vocale.svg?v=638163832640000000",
          "fEstDansDemandeVocale": false,
          "fEstProduitCategorieCommerciale": false,
          "lstMentionsProduit": [],
          "objAvisClient": {
            "IdProduit": 361,
            "IdProduitBZV": 8454,
            "Addon": "00",
            "Note": {
              "Valeur": 4.0,
              "IdPicto": 161
            },
            "NbAvis": 16
          },
          "sIdUnique": "Produit361"
        },
        "lstEnfants": []
      },
      {
        "objElement": {
          "sNoPointLivraison": "079111",
          "iIdProduit": 22803,
          "iIdRayon": 284321,
          "iIdFamille": 284362,
          "niIdSousFamille": 285529,
          "sType": "Produit",
          "sId": "22803",
          "niIdPhotoEnLigne": 2500041,
          "eIncitationLot": 0,
          "sIdUniqueRayon": "Rayon284321",
          "iIdElementPresentation": 284478,
          "sLibelleLigne1": "Brioche tranch&#233;e Epi d&#39;Or",
          "sLibelleLigne2": "700g",
          "iQteDisponible": 5,
          "sPrixUnitaire": "2,20 €",
          "fAfficherPrixUnitaire": true,
          "nrPVBRIIDeduit": 2.20,
          "sPrixPromo": "2,20 €",
          "sPrixParUniteDeMesure": "3,14 € / kg",
          "fAfficherPrixParUniteMesure": true,
          "nrPVMesureBRIIDeduit": 3.14,
          "sUrlVignetteProduit": "https://fd7-photos.leclercdrive.fr/image.ashx?id=2500041&use=l&cat=p&typeid=i",
          "fEstBRIIActifEtDisponible": false,
          "fBriiAffichageSticker": false,
          "fPrixAvantageux": false,
          "sUrlLogoBrii": "",
          "sUrlStickerCampagne": "",
          "sTexteLogoBRII": "Promotion BRII",
          "sTexteTooltipLot": "",
          "fEstVisiblePictoPromoTEL": false,
          "sCodeLotHeterogene": "",
          "sUrlLogoTEL": "",
          "sTexteLogoTel": "Promotion TEL",
          "sLibellePictoAjouterProduit": "Ajouter au panier",
          "sLibelleUrlNaviguerRayon": "Voir le rayon",
          "iQuantitePanier": 0,
          "rTotalAPayer": 0.0,
          "sTotalAPayer": "0,00 €",
          "sOrigineZoneDepeche": "",
          "fVoirRayon": false,
          "sUrlVoirRayon": "",
          "eDisponibilite": 0,
          "iIdElementPresentationPrincipale": 284478,
          "fProduitSubstitution": false,
          "sTexteEcoParticipationPrix": "",
          "fAppartientAUneListe": false,
          "sMsgHeaderPopinAuthen": "Vous devez être identifié(e) pour ajouter le produit à vos listes.",
          "fAfficherTexteProduitIndispo": false,
          "sTexteProduitIndispo": "",
          "sTexteProduitIndispoCarte": "",
          "fGainsBRD": false,
          "eTypeProduit": 1,
          "sUrlPageProduit": "https://fd7-courses.leclercdrive.fr/magasin-079111-Massy-Palaiseau/fiche-produits-22803-Brioche-tranchee-Epi-dOr.aspx",
          "iQteMinPanier": 0,
          "iQteMaxPanier": 1000,
          "sUrlLogoDemandeVocale": "/_res/release/_img/ascWCRS414_PanierBot/picto-commande-vocale.svg?v=638163832640000000",
          "fEstDansDemandeVocale": false,
          "fEstProduitCategorieCommerciale": false,
          "lstMentionsProduit": [],
          "objAvisClient": {
            "IdProduit": 22803,
            "IdProduitBZV": 86727,
            "Addon": "00",
            "Note": {
              "Valeur": 4.5,
              "IdPicto": 162
            },
            "NbAvis": 13
          },
          "sIdUnique": "Produit22803"
        },
        "lstEnfants": []
      },
      {
        "objElement": {
          "sNoPointLivraison": "079111",
          "iIdProduit": 78717,
          "iIdRayon": 284321,
          "iIdFamille": 284362,
          "niIdSousFamille": 285529,
          "sType": "Produit",
          "sId": "78717",
          "niIdPhotoEnLigne": 1521024,
          "eIncitationLot": 0,
          "sIdUniqueRayon": "Rayon284321",
          "iIdElementPresentation": 284478,
          "sLibelleLigne1": "Brioche tranch&#233;e Eco+",
          "sLibelleLigne2": "Nature - 500g",
          "iQteDisponible": 2,
          "sPrixUnitaire": "1,29 €",
          "fAfficherPrixUnitaire": true,
          "nrPVBRIIDeduit": 1.29,
          "sPrixPromo": "1,29 €",
          "sPrixParUniteDeMesure": "2,58 € / kg",
          "fAfficherPrixParUniteMesure": true,
          "nrPVMesureBRIIDeduit": 2.58,
          "sUrlVignetteProduit": "https://fd7-photos.leclercdrive.fr/image.ashx?id=1521024&use=l&cat=p&typeid=i",
          "fEstBRIIActifEtDisponible": false,
          "fBriiAffichageSticker": false,
          "fPrixAvantageux": false,
          "sUrlLogoBrii": "",
          "sUrlStickerCampagne": "",
          "sTexteLogoBRII": "Promotion BRII",
          "sTexteTooltipLot": "",
          "fEstVisiblePictoPromoTEL": false,
          "sCodeLotHeterogene": "",
          "sUrlLogoTEL": "",
          "sTexteLogoTel": "Promotion TEL",
          "sLibellePictoAjouterProduit": "Ajouter au panier",
          "sLibelleUrlNaviguerRayon": "Voir le rayon",
          "iQuantitePanier": 0,
          "rTotalAPayer": 0.0,
          "sTotalAPayer": "0,00 €",
          "sOrigineZoneDepeche": "",
          "fVoirRayon": false,
          "sUrlVoirRayon": "",
          "eDisponibilite": 0,
          "iIdElementPresentationPrincipale": 284478,
          "fProduitSubstitution": false,
          "sTexteEcoParticipationPrix": "",
          "fAppartientAUneListe": false,
          "sMsgHeaderPopinAuthen": "Vous devez être identifié(e) pour ajouter le produit à vos listes.",
          "fAfficherTexteProduitIndispo": false,
          "sTexteProduitIndispo": "",
          "sTexteProduitIndispoCarte": "",
          "fGainsBRD": false,
          "eTypeProduit": 1,
          "sUrlPageProduit": "https://fd7-courses.leclercdrive.fr/magasin-079111-Massy-Palaiseau/fiche-produits-78717-Brioche-tranchee-Eco.aspx",
          "iQteMinPanier": 0,
          "iQteMaxPanier": 1000,
          "sUrlLogoDemandeVocale": "/_res/release/_img/ascWCRS414_PanierBot/picto-commande-vocale.svg?v=638163832640000000",
          "fEstDansDemandeVocale": false,
          "fEstProduitCategorieCommerciale": false,
          "lstMentionsProduit": [],
          "objAvisClient": {
            "IdProduit": 78717,
            "IdProduitBZV": 86876,
            "Addon": "00",
            "Note": {
              "Valeur": 4.0,
              "IdPicto": 161
            },
            "NbAvis": 9
          },
          "sIdUnique": "Produit78717"
        },
        "lstEnfants": []
      },
      {
        "objElement": {
          "sNoPointLivraison": "079111",
          "iIdProduit": 135456,
          "iIdRayon": 284321,
          "iIdFamille": 284362,
          "niIdSousFamille": 285529,
          "sType": "Produit",
          "sId": "135456",
          "niIdPhotoEnLigne": 2503019,
          "eIncitationLot": 0,
          "sIdUniqueRayon": "Rayon284321",
          "iIdElementPresentation": 284478,
          "sLibelleLigne1": "Brioche tranch&#233;e Harrys",
          "sLibelleLigne2": "Nature / Sans additifs - 485&#160;g",
          "iQteDisponible": 2,
          "sPrixUnitaire": "2,48 €",
          "fAfficherPrixUnitaire": true,
          "nrPVBRIIDeduit": 2.48,
          "sPrixPromo": "2,48 €",
          "sPrixParUniteDeMesure": "5,11 € / kg",
          "fAfficherPrixParUniteMesure": true,
          "nrPVMesureBRIIDeduit": 5.11,
          "sUrlVignetteProduit": "https://fd7-photos.leclercdrive.fr/image.ashx?id=2503019&use=l&cat=p&typeid=i",
          "fEstBRIIActifEtDisponible": false,
          "fBriiAffichageSticker": false,
          "fPrixAvantageux": false,
          "sUrlLogoBrii": "",
          "sUrlStickerCampagne": "",
          "sTexteLogoBRII": "Promotion BRII",
          "sTexteTooltipLot": "",
          "fEstVisiblePictoPromoTEL": false,
          "sCodeLotHeterogene": "",
          "sUrlLogoTEL": "",
          "sTexteLogoTel": "Promotion TEL",
          "sLibellePictoAjouterProduit": "Ajouter au panier",
          "sLibelleUrlNaviguerRayon": "Voir le rayon",
          "iQuantitePanier": 0,
          "rTotalAPayer": 0.0,
          "sTotalAPayer": "0,00 €",
          "sOrigineZoneDepeche": "",
          "fVoirRayon": false,
          "sUrlVoirRayon": "",
          "eDisponibilite": 0,
          "iIdElementPresentationPrincipale": 284478,
          "fProduitSubstitution": false,
          "sTexteEcoParticipationPrix": "",
          "fAppartientAUneListe": false,
          "sMsgHeaderPopinAuthen": "Vous devez être identifié(e) pour ajouter le produit à vos listes.",
          "fAfficherTexteProduitIndispo": false,
          "sTexteProduitIndispo": "",
          "sTexteProduitIndispoCarte": "",
          "fGainsBRD": false,
          "eTypeProduit": 1,
          "sUrlPageProduit": "https://fd7-courses.leclercdrive.fr/magasin-079111-Massy-Palaiseau/fiche-produits-135456-Brioche-tranchee-Harrys.aspx",
          "iQteMinPanier": 0,
          "iQteMaxPanier": 1000,
          "sUrlLogoDemandeVocale": "/_res/release/_img/ascWCRS414_PanierBot/picto-commande-vocale.svg?v=638163832640000000",
          "fEstDansDemandeVocale": false,
          "fEstProduitCategorieCommerciale": false,
          "lstMentionsProduit": [],
          "objAvisClient": {
            "IdProduit": 135456,
            "IdProduitBZV": 24065,
            "Addon": "AUCUN",
            "Note": {
              "Valeur": 3.5,
              "IdPicto": 160
            },
            "NbAvis": 3
          },
          "sIdUnique": "Produit135456"
        },
        "lstEnfants": []
      },
      {
        "objElement": {
          "sNoPointLivraison": "079111",
          "iIdProduit": 135454,
          "iIdRayon": 284321,
          "iIdFamille": 284362,
          "niIdSousFamille": 285529,
          "sType": "Produit",
          "sId": "135454",
          "niIdPhotoEnLigne": 2503022,
          "eIncitationLot": 0,
          "sIdUniqueRayon": "Rayon284321",
          "iIdElementPresentation": 284478,
          "sLibelleLigne1": "Brioche tranch&#233;e Harrys",
          "sLibelleLigne2": "Nature / Sans additifs - 680g",
          "iQteDisponible": 2,
          "sPrixUnitaire": "3,35 €",
          "fAfficherPrixUnitaire": true,
          "nrPVBRIIDeduit": 3.35,
          "sPrixPromo": "3,35 €",
          "sPrixParUniteDeMesure": "4,93 € / kg",
          "fAfficherPrixParUniteMesure": true,
          "nrPVMesureBRIIDeduit": 4.93,
          "sUrlVignetteProduit": "https://fd7-photos.leclercdrive.fr/image.ashx?id=2503022&use=l&cat=p&typeid=i",
          "fEstBRIIActifEtDisponible": false,
          "fBriiAffichageSticker": false,
          "fPrixAvantageux": false,
          "sUrlLogoBrii": "",
          "sUrlStickerCampagne": "",
          "sTexteLogoBRII": "Promotion BRII",
          "sTexteTooltipLot": "",
          "fEstVisiblePictoPromoTEL": false,
          "sCodeLotHeterogene": "",
          "sUrlLogoTEL": "",
          "sTexteLogoTel": "Promotion TEL",
          "sLibellePictoAjouterProduit": "Ajouter au panier",
          "sLibelleUrlNaviguerRayon": "Voir le rayon",
          "iQuantitePanier": 0,
          "rTotalAPayer": 0.0,
          "sTotalAPayer": "0,00 €",
          "sOrigineZoneDepeche": "",
          "fVoirRayon": false,
          "sUrlVoirRayon": "",
          "eDisponibilite": 0,
          "iIdElementPresentationPrincipale": 284478,
          "fProduitSubstitution": false,
          "sTexteEcoParticipationPrix": "",
          "fAppartientAUneListe": false,
          "sMsgHeaderPopinAuthen": "Vous devez être identifié(e) pour ajouter le produit à vos listes.",
          "fAfficherTexteProduitIndispo": false,
          "sTexteProduitIndispo": "",
          "sTexteProduitIndispoCarte": "",
          "fGainsBRD": false,
          "eTypeProduit": 1,
          "sUrlPageProduit": "https://fd7-courses.leclercdrive.fr/magasin-079111-Massy-Palaiseau/fiche-produits-135454-Brioche-tranchee-Harrys.aspx",
          "iQteMinPanier": 0,
          "iQteMaxPanier": 1000,
          "sUrlLogoDemandeVocale": "/_res/release/_img/ascWCRS414_PanierBot/picto-commande-vocale.svg?v=638163832640000000",
          "fEstDansDemandeVocale": false,
          "fEstProduitCategorieCommerciale": false,
          "lstMentionsProduit": [],
          "objAvisClient": {
            "IdProduit": 135454,
            "IdProduitBZV": 4618,
            "Addon": "AUCUN",
            "Note": {
              "Valeur": 4.0,
              "IdPicto": 161
            },
            "NbAvis": 8
          },
          "sIdUnique": "Produit135454"
        },
        "lstEnfants": []
      },
      {
        "objElement": {
          "sNoPointLivraison": "079111",
          "iIdProduit": 135458,
          "iIdRayon": 284321,
          "iIdFamille": 284362,
          "niIdSousFamille": 285529,
          "sType": "Produit",
          "sId": "135458",
          "niIdPhotoEnLigne": 2503031,
          "eIncitationLot": 0,
          "sIdUniqueRayon": "Rayon284321",
          "iIdElementPresentation": 284478,
          "sLibelleLigne1": "Brioche tranch&#233;e Harrys",
          "sLibelleLigne2": "-30% sucres - 485g",
          "iQteDisponible": 0,
          "sPrixUnitaire": "3,11 €",
          "fAfficherPrixUnitaire": false,
          "nrPVBRIIDeduit": 3.11,
          "sPrixPromo": "3,11 €",
          "sPrixParUniteDeMesure": "6,41 € / kg",
          "fAfficherPrixParUniteMesure": false,
          "nrPVMesureBRIIDeduit": 6.41,
          "sUrlVignetteProduit": "https://fd7-photos.leclercdrive.fr/image.ashx?id=2503031&use=l&cat=p&typeid=i",
          "fEstBRIIActifEtDisponible": false,
          "fBriiAffichageSticker": false,
          "fPrixAvantageux": false,
          "sUrlLogoBrii": "",
          "sUrlStickerCampagne": "",
          "sTexteLogoBRII": "Promotion BRII",
          "sTexteTooltipLot": "",
          "fEstVisiblePictoPromoTEL": false,
          "sCodeLotHeterogene": "",
          "sUrlLogoTEL": "",
          "sTexteLogoTel": "Promotion TEL",
          "sLibellePictoAjouterProduit": "Ajouter au panier",
          "sLibelleUrlNaviguerRayon": "Voir le rayon",
          "iQuantitePanier": 0,
          "rTotalAPayer": 0.0,
          "sTotalAPayer": "0,00 €",
          "sOrigineZoneDepeche": "",
          "fVoirRayon": false,
          "sUrlVoirRayon": "",
          "eDisponibilite": 1,
          "iIdElementPresentationPrincipale": 284478,
          "fProduitSubstitution": true,
          "sTexteEcoParticipationPrix": "",
          "fAppartientAUneListe": false,
          "sMsgHeaderPopinAuthen": "Vous devez être identifié(e) pour ajouter le produit à vos listes.",
          "fAfficherTexteProduitIndispo": true,
          "sTexteProduitIndispo": "",
          "sTexteProduitIndispoCarte": "",
          "fGainsBRD": false,
          "eTypeProduit": 1,
          "sUrlPageProduit": "https://fd7-courses.leclercdrive.fr/magasin-079111-Massy-Palaiseau/fiche-produits-135458-Brioche-tranchee-Harrys.aspx",
          "iQteMinPanier": 0,
          "iQteMaxPanier": 1000,
          "sUrlLogoDemandeVocale": "/_res/release/_img/ascWCRS414_PanierBot/picto-commande-vocale.svg?v=638163832640000000",
          "fEstDansDemandeVocale": false,
          "fEstProduitCategorieCommerciale": false,
          "lstMentionsProduit": [],
          "objAvisClient": {
            "IdProduit": 135458,
            "IdProduitBZV": 7208,
            "Addon": "AUCUN",
            "Note": {
              "Valeur": 4.0,
              "IdPicto": 161
            },
            "NbAvis": 3
          },
          "sIdUnique": "Produit135458"
        },
        "lstEnfants": []
      },
      {
        "objElement": {
          "sNoPointLivraison": "079111",
          "iIdProduit": 66266,
          "iIdRayon": 284321,
          "iIdFamille": 284362,
          "niIdSousFamille": 285529,
          "sType": "Produit",
          "sId": "66266",
          "niIdPhotoEnLigne": 2415918,
          "eIncitationLot": 0,
          "sIdUniqueRayon": "Rayon284321",
          "iIdElementPresentation": 284478,
          "sLibelleLigne1": "Brioche tranch&#233;e Pasquier",
          "sLibelleLigne2": "Tranches gourmandes - 450g",
          "iQteDisponible": 0,
          "sPrixUnitaire": "2,41 €",
          "fAfficherPrixUnitaire": false,
          "nrPVBRIIDeduit": 2.41,
          "sPrixPromo": "2,41 €",
          "sPrixParUniteDeMesure": "5,36 € / kg",
          "fAfficherPrixParUniteMesure": false,
          "nrPVMesureBRIIDeduit": 5.36,
          "sUrlVignetteProduit": "https://fd7-photos.leclercdrive.fr/image.ashx?id=2415918&use=l&cat=p&typeid=i",
          "fEstBRIIActifEtDisponible": false,
          "fBriiAffichageSticker": false,
          "fPrixAvantageux": false,
          "sUrlLogoBrii": "",
          "sUrlStickerCampagne": "",
          "sTexteLogoBRII": "Promotion BRII",
          "sTexteTooltipLot": "",
          "fEstVisiblePictoPromoTEL": false,
          "sCodeLotHeterogene": "",
          "sUrlLogoTEL": "",
          "sTexteLogoTel": "Promotion TEL",
          "sLibellePictoAjouterProduit": "Ajouter au panier",
          "sLibelleUrlNaviguerRayon": "Voir le rayon",
          "iQuantitePanier": 0,
          "rTotalAPayer": 0.0,
          "sTotalAPayer": "0,00 €",
          "sOrigineZoneDepeche": "",
          "fVoirRayon": false,
          "sUrlVoirRayon": "",
          "eDisponibilite": 1,
          "iIdElementPresentationPrincipale": 284478,
          "fProduitSubstitution": true,
          "sTexteEcoParticipationPrix": "",
          "fAppartientAUneListe": false,
          "sMsgHeaderPopinAuthen": "Vous devez être identifié(e) pour ajouter le produit à vos listes.",
          "fAfficherTexteProduitIndispo": true,
          "sTexteProduitIndispo": "",
          "sTexteProduitIndispoCarte": "",
          "fGainsBRD": false,
          "eTypeProduit": 1,
          "sUrlPageProduit": "https://fd7-courses.leclercdrive.fr/magasin-079111-Massy-Palaiseau/fiche-produits-66266-Brioche-tranchee-Pasquier.aspx",
          "iQteMinPanier": 0,
          "iQteMaxPanier": 1000,
          "sUrlLogoDemandeVocale": "/_res/release/_img/ascWCRS414_PanierBot/picto-commande-vocale.svg?v=638163832640000000",
          "fEstDansDemandeVocale": false,
          "fEstProduitCategorieCommerciale": false,
          "lstMentionsProduit": [],
          "objAvisClient": {
            "IdProduit": 66266,
            "IdProduitBZV": 68495,
            "Addon": "AUCUN",
            "Note": {
              "Valeur": 3.5,
              "IdPicto": 160
            },
            "NbAvis": 4
          },
          "sIdUnique": "Produit66266"
        },
        "lstEnfants": []
      },
      {
        "objElement": {
          "sNoPointLivraison": "079111",
          "iIdProduit": 62146,
          "iIdRayon": 284321,
          "iIdFamille": 284362,
          "niIdSousFamille": 285529,
          "sType": "Produit",
          "sId": "62146",
          "niIdPhotoEnLigne": 2415365,
          "eIncitationLot": 0,
          "sIdUniqueRayon": "Rayon284321",
          "iIdElementPresentation": 284478,
          "sLibelleLigne1": "Brioche La Fourn&#233;e Dor&#233;e",
          "sLibelleLigne2": "Tranch&#233;e cr&#232;me fraiche - 500g",
          "iQteDisponible": 7,
          "sPrixUnitaire": "1,99 €",
          "fAfficherPrixUnitaire": true,
          "nrPVBRIIDeduit": 1.99,
          "sPrixPromo": "1,99 €",
          "sPrixParUniteDeMesure": "3,98 € / kg",
          "fAfficherPrixParUniteMesure": true,
          "nrPVMesureBRIIDeduit": 3.98,
          "sUrlVignetteProduit": "https://fd7-photos.leclercdrive.fr/image.ashx?id=2415365&use=l&cat=p&typeid=i",
          "fEstBRIIActifEtDisponible": false,
          "fBriiAffichageSticker": false,
          "fPrixAvantageux": false,
          "sUrlLogoBrii": "",
          "sUrlStickerCampagne": "",
          "sTexteLogoBRII": "Promotion BRII",
          "sTexteTooltipLot": "",
          "fEstVisiblePictoPromoTEL": false,
          "sCodeLotHeterogene": "",
          "sUrlLogoTEL": "",
          "sTexteLogoTel": "Promotion TEL",
          "sLibellePictoAjouterProduit": "Ajouter au panier",
          "sLibelleUrlNaviguerRayon": "Voir le rayon",
          "iQuantitePanier": 0,
          "rTotalAPayer": 0.0,
          "sTotalAPayer": "0,00 €",
          "sOrigineZoneDepeche": "",
          "fVoirRayon": false,
          "sUrlVoirRayon": "",
          "eDisponibilite": 0,
          "iIdElementPresentationPrincipale": 284478,
          "fProduitSubstitution": false,
          "sTexteEcoParticipationPrix": "",
          "fAppartientAUneListe": false,
          "sMsgHeaderPopinAuthen": "Vous devez être identifié(e) pour ajouter le produit à vos listes.",
          "fAfficherTexteProduitIndispo": false,
          "sTexteProduitIndispo": "",
          "sTexteProduitIndispoCarte": "",
          "fGainsBRD": false,
          "eTypeProduit": 1,
          "sUrlPageProduit": "https://fd7-courses.leclercdrive.fr/magasin-079111-Massy-Palaiseau/fiche-produits-62146-Brioche-La-Fournee-Doree.aspx",
          "iQteMinPanier": 0,
          "iQteMaxPanier": 1000,
          "sUrlLogoDemandeVocale": "/_res/release/_img/ascWCRS414_PanierBot/picto-commande-vocale.svg?v=638163832640000000",
          "fEstDansDemandeVocale": false,
          "fEstProduitCategorieCommerciale": false,
          "lstMentionsProduit": [],
          "objAvisClient": {
            "IdProduit": 62146,
            "IdProduitBZV": 35281,
            "Addon": "AUCUN",
            "Note": {
              "Valeur": 3.0,
              "IdPicto": 159
            },
            "NbAvis": 4
          },
          "sIdUnique": "Produit62146"
        },
        "lstEnfants": []
      },
      {
        "objElement": {
          "sNoPointLivraison": "079111",
          "iIdProduit": 81768,
          "iIdRayon": 284321,
          "iIdFamille": 284362,
          "niIdSousFamille": 285529,
          "sType": "Produit",
          "sId": "81768",
          "niIdPhotoEnLigne": 2277188,
          "eIncitationLot": 0,
          "sIdUniqueRayon": "Rayon284321",
          "iIdElementPresentation": 284478,
          "sLibelleLigne1": "Brioche tranch&#233;e La Boulang&#232;re",
          "sLibelleLigne2": "Bio - 400g",
          "iQteDisponible": 0,
          "sPrixUnitaire": "2,28 €",
          "fAfficherPrixUnitaire": false,
          "nrPVBRIIDeduit": 2.28,
          "sPrixPromo": "2,28 €",
          "sPrixParUniteDeMesure": "5,70 € / kg",
          "fAfficherPrixParUniteMesure": false,
          "nrPVMesureBRIIDeduit": 5.70,
          "sUrlVignetteProduit": "https://fd7-photos.leclercdrive.fr/image.ashx?id=2277188&use=l&cat=p&typeid=i",
          "fEstBRIIActifEtDisponible": false,
          "fBriiAffichageSticker": false,
          "fPrixAvantageux": false,
          "sUrlLogoBrii": "",
          "sUrlStickerCampagne": "",
          "sTexteLogoBRII": "Promotion BRII",
          "sTexteTooltipLot": "",
          "fEstVisiblePictoPromoTEL": false,
          "sCodeLotHeterogene": "",
          "sUrlLogoTEL": "",
          "sTexteLogoTel": "Promotion TEL",
          "sLibellePictoAjouterProduit": "Ajouter au panier",
          "sLibelleUrlNaviguerRayon": "Voir le rayon",
          "iQuantitePanier": 0,
          "rTotalAPayer": 0.0,
          "sTotalAPayer": "0,00 €",
          "sOrigineZoneDepeche": "",
          "fVoirRayon": false,
          "sUrlVoirRayon": "",
          "eDisponibilite": 1,
          "iIdElementPresentationPrincipale": 284478,
          "fProduitSubstitution": true,
          "sTexteEcoParticipationPrix": "",
          "fAppartientAUneListe": false,
          "sMsgHeaderPopinAuthen": "Vous devez être identifié(e) pour ajouter le produit à vos listes.",
          "fAfficherTexteProduitIndispo": true,
          "sTexteProduitIndispo": "",
          "sTexteProduitIndispoCarte": "",
          "fGainsBRD": false,
          "eTypeProduit": 1,
          "sUrlPageProduit": "https://fd7-courses.leclercdrive.fr/magasin-079111-Massy-Palaiseau/fiche-produits-81768-Brioche-tranchee-La-Boulangere.aspx",
          "iQteMinPanier": 0,
          "iQteMaxPanier": 1000,
          "sUrlLogoDemandeVocale": "/_res/release/_img/ascWCRS414_PanierBot/picto-commande-vocale.svg?v=638163832640000000",
          "fEstDansDemandeVocale": false,
          "fEstProduitCategorieCommerciale": false,
          "lstMentionsProduit": [],
          "objAvisClient": {
            "IdProduit": 81768,
            "IdProduitBZV": 67515,
            "Addon": "AUCUN",
            "Note": {
              "Valeur": 4.0,
              "IdPicto": 161
            },
            "NbAvis": 12
          },
          "sIdUnique": "Produit81768"
        },
        "lstEnfants": []
      },
      {
        "objElement": {
          "sNoPointLivraison": "079111",
          "iIdProduit": 1928,
          "iIdRayon": 284321,
          "iIdFamille": 284362,
          "niIdSousFamille": 285529,
          "sType": "Produit",
          "sId": "1928",
          "niIdPhotoEnLigne": 2374061,
          "eIncitationLot": 0,
          "sIdUniqueRayon": "Rayon284321",
          "iIdElementPresentation": 284478,
          "sLibelleLigne1": "Brioche tress&#233;e vend&#233;enne",
          "sLibelleLigne2": "Nos R&#233;gions ont du Talent  650g",
          "iQteDisponible": 0,
          "sPrixUnitaire": "4,40 €",
          "fAfficherPrixUnitaire": false,
          "nrPVBRIIDeduit": 4.40,
          "sPrixPromo": "4,40 €",
          "sPrixParUniteDeMesure": "6,77 € / kg",
          "fAfficherPrixParUniteMesure": false,
          "nrPVMesureBRIIDeduit": 6.77,
          "sUrlVignetteProduit": "https://fd7-photos.leclercdrive.fr/image.ashx?id=2374061&use=l&cat=p&typeid=i",
          "fEstBRIIActifEtDisponible": false,
          "fBriiAffichageSticker": false,
          "fPrixAvantageux": false,
          "sUrlLogoBrii": "",
          "sUrlStickerCampagne": "",
          "sTexteLogoBRII": "Promotion BRII",
          "sTexteTooltipLot": "",
          "fEstVisiblePictoPromoTEL": false,
          "sCodeLotHeterogene": "",
          "sUrlLogoTEL": "",
          "sTexteLogoTel": "Promotion TEL",
          "sLibellePictoAjouterProduit": "Ajouter au panier",
          "sLibelleUrlNaviguerRayon": "Voir le rayon",
          "iQuantitePanier": 0,
          "rTotalAPayer": 0.0,
          "sTotalAPayer": "0,00 €",
          "sOrigineZoneDepeche": "",
          "fVoirRayon": false,
          "sUrlVoirRayon": "",
          "eDisponibilite": 1,
          "iIdElementPresentationPrincipale": 284478,
          "fProduitSubstitution": true,
          "sTexteEcoParticipationPrix": "",
          "fAppartientAUneListe": false,
          "sMsgHeaderPopinAuthen": "Vous devez être identifié(e) pour ajouter le produit à vos listes.",
          "fAfficherTexteProduitIndispo": true,
          "sTexteProduitIndispo": "",
          "sTexteProduitIndispoCarte": "",
          "fGainsBRD": false,
          "eTypeProduit": 1,
          "sUrlPageProduit": "https://fd7-courses.leclercdrive.fr/magasin-079111-Massy-Palaiseau/fiche-produits-1928-Brioche-tressee-vendeenne.aspx",
          "iQteMinPanier": 0,
          "iQteMaxPanier": 1000,
          "sUrlLogoDemandeVocale": "/_res/release/_img/ascWCRS414_PanierBot/picto-commande-vocale.svg?v=638163832640000000",
          "fEstDansDemandeVocale": false,
          "fEstProduitCategorieCommerciale": false,
          "lstMentionsProduit": [],
          "objAvisClient": {
            "IdProduit": 1928,
            "IdProduitBZV": 31274,
            "Addon": "00",
            "Note": {
              "Valeur": 4.5,
              "IdPicto": 162
            },
            "NbAvis": 6
          },
          "sIdUnique": "Produit1928"
        },
        "lstEnfants": []
      },
      {
        "objElement": {
          "sNoPointLivraison": "079111",
          "iIdProduit": 53776,
          "iIdRayon": 284321,
          "iIdFamille": 284362,
          "niIdSousFamille": 285529,
          "sType": "Produit",
          "sId": "53776",
          "niIdPhotoEnLigne": 2453415,
          "eIncitationLot": 0,
          "sIdUniqueRayon": "Rayon284321",
          "iIdElementPresentation": 284478,
          "sLibelleLigne1": "Brioche tress&#233;e Pasquier",
          "sLibelleLigne2": "Nature - 630g",
          "iQteDisponible": 0,
          "sPrixUnitaire": "2,74 €",
          "fAfficherPrixUnitaire": false,
          "nrPVBRIIDeduit": 2.74,
          "sPrixPromo": "2,74 €",
          "sPrixParUniteDeMesure": "4,35 € / kg",
          "fAfficherPrixParUniteMesure": false,
          "nrPVMesureBRIIDeduit": 4.35,
          "sUrlVignetteProduit": "https://fd7-photos.leclercdrive.fr/image.ashx?id=2453415&use=l&cat=p&typeid=i",
          "fEstBRIIActifEtDisponible": false,
          "fBriiAffichageSticker": false,
          "fPrixAvantageux": false,
          "sUrlLogoBrii": "",
          "sUrlStickerCampagne": "",
          "sTexteLogoBRII": "Promotion BRII",
          "sTexteTooltipLot": "",
          "fEstVisiblePictoPromoTEL": false,
          "sCodeLotHeterogene": "",
          "sUrlLogoTEL": "",
          "sTexteLogoTel": "Promotion TEL",
          "sLibellePictoAjouterProduit": "Ajouter au panier",
          "sLibelleUrlNaviguerRayon": "Voir le rayon",
          "iQuantitePanier": 0,
          "rTotalAPayer": 0.0,
          "sTotalAPayer": "0,00 €",
          "sOrigineZoneDepeche": "",
          "fVoirRayon": false,
          "sUrlVoirRayon": "",
          "eDisponibilite": 1,
          "iIdElementPresentationPrincipale": 284478,
          "fProduitSubstitution": true,
          "sTexteEcoParticipationPrix": "",
          "fAppartientAUneListe": false,
          "sMsgHeaderPopinAuthen": "Vous devez être identifié(e) pour ajouter le produit à vos listes.",
          "fAfficherTexteProduitIndispo": true,
          "sTexteProduitIndispo": "",
          "sTexteProduitIndispoCarte": "",
          "fGainsBRD": false,
          "eTypeProduit": 1,
          "sUrlPageProduit": "https://fd7-courses.leclercdrive.fr/magasin-079111-Massy-Palaiseau/fiche-produits-53776-Brioche-tressee-Pasquier.aspx",
          "iQteMinPanier": 0,
          "iQteMaxPanier": 1000,
          "sUrlLogoDemandeVocale": "/_res/release/_img/ascWCRS414_PanierBot/picto-commande-vocale.svg?v=638163832640000000",
          "fEstDansDemandeVocale": false,
          "fEstProduitCategorieCommerciale": false,
          "lstMentionsProduit": [],
          "objAvisClient": {
            "IdProduit": 53776,
            "IdProduitBZV": 1225,
            "Addon": "AUCUN",
            "Note": {
              "Valeur": 4.5,
              "IdPicto": 162
            },
            "NbAvis": 13
          },
          "sIdUnique": "Produit53776"
        },
        "lstEnfants": []
      },
      {
        "objElement": {
          "sNoPointLivraison": "079111",
          "iIdProduit": 113680,
          "iIdRayon": 284321,
          "iIdFamille": 284362,
          "niIdSousFamille": 285529,
          "sType": "Produit",
          "sId": "113680",
          "niIdPhotoEnLigne": 2503013,
          "eIncitationLot": 0,
          "sIdUniqueRayon": "Rayon284321",
          "iIdElementPresentation": 284478,
          "sLibelleLigne1": "Brioche Tress&#233;e Harrys",
          "sLibelleLigne2": "Nature - 500g",
          "iQteDisponible": 10,
          "sPrixUnitaire": "3,29 €",
          "fAfficherPrixUnitaire": true,
          "nrPVBRIIDeduit": 3.29,
          "sPrixPromo": "3,29 €",
          "sPrixParUniteDeMesure": "6,58 € / kg",
          "fAfficherPrixParUniteMesure": true,
          "nrPVMesureBRIIDeduit": 6.58,
          "sUrlVignetteProduit": "https://fd7-photos.leclercdrive.fr/image.ashx?id=2503013&use=l&cat=p&typeid=i",
          "fEstBRIIActifEtDisponible": false,
          "fBriiAffichageSticker": false,
          "fPrixAvantageux": false,
          "sUrlLogoBrii": "",
          "sUrlStickerCampagne": "",
          "sTexteLogoBRII": "Promotion BRII",
          "sTexteTooltipLot": "",
          "fEstVisiblePictoPromoTEL": false,
          "sCodeLotHeterogene": "",
          "sUrlLogoTEL": "",
          "sTexteLogoTel": "Promotion TEL",
          "sLibellePictoAjouterProduit": "Ajouter au panier",
          "sLibelleUrlNaviguerRayon": "Voir le rayon",
          "iQuantitePanier": 0,
          "rTotalAPayer": 0.0,
          "sTotalAPayer": "0,00 €",
          "sOrigineZoneDepeche": "",
          "fVoirRayon": false,
          "sUrlVoirRayon": "",
          "eDisponibilite": 0,
          "iIdElementPresentationPrincipale": 284478,
          "fProduitSubstitution": false,
          "sTexteEcoParticipationPrix": "",
          "fAppartientAUneListe": false,
          "sMsgHeaderPopinAuthen": "Vous devez être identifié(e) pour ajouter le produit à vos listes.",
          "fAfficherTexteProduitIndispo": false,
          "sTexteProduitIndispo": "",
          "sTexteProduitIndispoCarte": "",
          "fGainsBRD": false,
          "eTypeProduit": 1,
          "sUrlPageProduit": "https://fd7-courses.leclercdrive.fr/magasin-079111-Massy-Palaiseau/fiche-produits-113680-Brioche-Tressee-Harrys.aspx",
          "iQteMinPanier": 0,
          "iQteMaxPanier": 1000,
          "sUrlLogoDemandeVocale": "/_res/release/_img/ascWCRS414_PanierBot/picto-commande-vocale.svg?v=638163832640000000",
          "fEstDansDemandeVocale": false,
          "fEstProduitCategorieCommerciale": false,
          "lstMentionsProduit": [],
          "objAvisClient": {
            "IdProduit": 113680,
            "IdProduitBZV": 67020,
            "Addon": "AUCUN",
            "Note": {
              "Valeur": 4.0,
              "IdPicto": 161
            },
            "NbAvis": 25
          },
          "sIdUnique": "Produit113680"
        },
        "lstEnfants": []
      },
      {
        "objElement": {
          "sNoPointLivraison": "079111",
          "iIdProduit": 60029,
          "iIdRayon": 284321,
          "iIdFamille": 284362,
          "niIdSousFamille": 285529,
          "sType": "Produit",
          "sId": "60029",
          "niIdPhotoEnLigne": 2527892,
          "eIncitationLot": 0,
          "sIdUniqueRayon": "Rayon284321",
          "iIdElementPresentation": 284478,
          "sLibelleLigne1": "Brioche Harrys Mini Tress&#233;e",
          "sLibelleLigne2": "Nature au sucre perl&#233; - 210g",
          "iQteDisponible": 6,
          "sPrixUnitaire": "2,20 €",
          "fAfficherPrixUnitaire": true,
          "nrPVBRIIDeduit": 2.20,
          "sPrixPromo": "2,20 €",
          "sPrixParUniteDeMesure": "10,48 € / kg",
          "fAfficherPrixParUniteMesure": true,
          "nrPVMesureBRIIDeduit": 10.48,
          "sUrlVignetteProduit": "https://fd7-photos.leclercdrive.fr/image.ashx?id=2527892&use=l&cat=p&typeid=i",
          "fEstBRIIActifEtDisponible": false,
          "fBriiAffichageSticker": false,
          "fPrixAvantageux": false,
          "sUrlLogoBrii": "",
          "sUrlStickerCampagne": "",
          "sTexteLogoBRII": "Promotion BRII",
          "sTexteTooltipLot": "",
          "fEstVisiblePictoPromoTEL": false,
          "sCodeLotHeterogene": "",
          "sUrlLogoTEL": "",
          "sTexteLogoTel": "Promotion TEL",
          "sLibellePictoAjouterProduit": "Ajouter au panier",
          "sLibelleUrlNaviguerRayon": "Voir le rayon",
          "iQuantitePanier": 0,
          "rTotalAPayer": 0.0,
          "sTotalAPayer": "0,00 €",
          "sOrigineZoneDepeche": "",
          "fVoirRayon": false,
          "sUrlVoirRayon": "",
          "eDisponibilite": 0,
          "iIdElementPresentationPrincipale": 284478,
          "fProduitSubstitution": false,
          "sTexteEcoParticipationPrix": "",
          "fAppartientAUneListe": false,
          "sMsgHeaderPopinAuthen": "Vous devez être identifié(e) pour ajouter le produit à vos listes.",
          "fAfficherTexteProduitIndispo": false,
          "sTexteProduitIndispo": "",
          "sTexteProduitIndispoCarte": "",
          "fGainsBRD": false,
          "eTypeProduit": 1,
          "sUrlPageProduit": "https://fd7-courses.leclercdrive.fr/magasin-079111-Massy-Palaiseau/fiche-produits-60029-Brioche-Harrys-Mini-Tressee.aspx",
          "iQteMinPanier": 0,
          "iQteMaxPanier": 1000,
          "sUrlLogoDemandeVocale": "/_res/release/_img/ascWCRS414_PanierBot/picto-commande-vocale.svg?v=638163832640000000",
          "fEstDansDemandeVocale": false,
          "fEstProduitCategorieCommerciale": false,
          "lstMentionsProduit": [],
          "objAvisClient": {
            "IdProduit": 60029,
            "IdProduitBZV": 35132,
            "Addon": "AUCUN",
            "Note": {
              "Valeur": 4.0,
              "IdPicto": 161
            },
            "NbAvis": 7
          },
          "sIdUnique": "Produit60029"
        },
        "lstEnfants": []
      },
      {
        "objElement": {
          "sNoPointLivraison": "079111",
          "iIdProduit": 115046,
          "iIdRayon": 284321,
          "iIdFamille": 284362,
          "niIdSousFamille": 285529,
          "sType": "Produit",
          "sId": "115046",
          "niIdPhotoEnLigne": 2503010,
          "eIncitationLot": 0,
          "sIdUniqueRayon": "Rayon284321",
          "iIdElementPresentation": 284478,
          "sLibelleLigne1": "Brioche tress&#233;e Harrys",
          "sLibelleLigne2": "Tranch&#233;e sans additif - 450g",
          "iQteDisponible": 8,
          "sPrixUnitaire": "2,73 €",
          "fAfficherPrixUnitaire": true,
          "nrPVBRIIDeduit": 2.73,
          "sPrixPromo": "2,73 €",
          "sPrixParUniteDeMesure": "6,07 € / kg",
          "fAfficherPrixParUniteMesure": true,
          "nrPVMesureBRIIDeduit": 6.07,
          "sUrlVignetteProduit": "https://fd7-photos.leclercdrive.fr/image.ashx?id=2503010&use=l&cat=p&typeid=i",
          "fEstBRIIActifEtDisponible": false,
          "fBriiAffichageSticker": false,
          "fPrixAvantageux": false,
          "sUrlLogoBrii": "",
          "sUrlStickerCampagne": "",
          "sTexteLogoBRII": "Promotion BRII",
          "sTexteTooltipLot": "",
          "fEstVisiblePictoPromoTEL": false,
          "sCodeLotHeterogene": "",
          "sUrlLogoTEL": "",
          "sTexteLogoTel": "Promotion TEL",
          "sLibellePictoAjouterProduit": "Ajouter au panier",
          "sLibelleUrlNaviguerRayon": "Voir le rayon",
          "iQuantitePanier": 0,
          "rTotalAPayer": 0.0,
          "sTotalAPayer": "0,00 €",
          "sOrigineZoneDepeche": "",
          "fVoirRayon": false,
          "sUrlVoirRayon": "",
          "eDisponibilite": 0,
          "iIdElementPresentationPrincipale": 284478,
          "fProduitSubstitution": false,
          "sTexteEcoParticipationPrix": "",
          "fAppartientAUneListe": false,
          "sMsgHeaderPopinAuthen": "Vous devez être identifié(e) pour ajouter le produit à vos listes.",
          "fAfficherTexteProduitIndispo": false,
          "sTexteProduitIndispo": "",
          "sTexteProduitIndispoCarte": "",
          "fGainsBRD": false,
          "eTypeProduit": 1,
          "sUrlPageProduit": "https://fd7-courses.leclercdrive.fr/magasin-079111-Massy-Palaiseau/fiche-produits-115046-Brioche-tressee-Harrys.aspx",
          "iQteMinPanier": 0,
          "iQteMaxPanier": 1000,
          "sUrlLogoDemandeVocale": "/_res/release/_img/ascWCRS414_PanierBot/picto-commande-vocale.svg?v=638163832640000000",
          "fEstDansDemandeVocale": false,
          "fEstProduitCategorieCommerciale": false,
          "lstMentionsProduit": [],
          "objAvisClient": {
            "IdProduit": 115046,
            "IdProduitBZV": 40125,
            "Addon": "AUCUN"
          },
          "sIdUnique": "Produit115046"
        },
        "lstEnfants": []
      },
      {
        "objElement": {
          "sNoPointLivraison": "079111",
          "iIdProduit": 3028,
          "iIdRayon": 284321,
          "iIdFamille": 284362,
          "niIdSousFamille": 285529,
          "sType": "Produit",
          "sId": "3028",
          "niIdPhotoEnLigne": 2064816,
          "eIncitationLot": 0,
          "sIdUniqueRayon": "Rayon284321",
          "iIdElementPresentation": 284478,
          "sLibelleLigne1": "Brioche tranch&#233;e Epi d&#39;Or",
          "sLibelleLigne2": "P&#233;pites de chocolat 500g",
          "iQteDisponible": 5,
          "sPrixUnitaire": "2,10 €",
          "fAfficherPrixUnitaire": true,
          "nrPVBRIIDeduit": 2.10,
          "sPrixPromo": "2,10 €",
          "sPrixParUniteDeMesure": "4,20 € / kg",
          "fAfficherPrixParUniteMesure": true,
          "nrPVMesureBRIIDeduit": 4.20,
          "sUrlVignetteProduit": "https://fd7-photos.leclercdrive.fr/image.ashx?id=2064816&use=l&cat=p&typeid=i",
          "fEstBRIIActifEtDisponible": false,
          "fBriiAffichageSticker": false,
          "fPrixAvantageux": false,
          "sUrlLogoBrii": "",
          "sUrlStickerCampagne": "",
          "sTexteLogoBRII": "Promotion BRII",
          "sTexteTooltipLot": "",
          "fEstVisiblePictoPromoTEL": false,
          "sCodeLotHeterogene": "",
          "sUrlLogoTEL": "",
          "sTexteLogoTel": "Promotion TEL",
          "sLibellePictoAjouterProduit": "Ajouter au panier",
          "sLibelleUrlNaviguerRayon": "Voir le rayon",
          "iQuantitePanier": 0,
          "rTotalAPayer": 0.0,
          "sTotalAPayer": "0,00 €",
          "sOrigineZoneDepeche": "",
          "fVoirRayon": false,
          "sUrlVoirRayon": "",
          "eDisponibilite": 0,
          "iIdElementPresentationPrincipale": 284478,
          "fProduitSubstitution": false,
          "sTexteEcoParticipationPrix": "",
          "fAppartientAUneListe": false,
          "sMsgHeaderPopinAuthen": "Vous devez être identifié(e) pour ajouter le produit à vos listes.",
          "fAfficherTexteProduitIndispo": false,
          "sTexteProduitIndispo": "",
          "sTexteProduitIndispoCarte": "",
          "fGainsBRD": false,
          "eTypeProduit": 1,
          "sUrlPageProduit": "https://fd7-courses.leclercdrive.fr/magasin-079111-Massy-Palaiseau/fiche-produits-3028-Brioche-tranchee-Epi-dOr.aspx",
          "iQteMinPanier": 0,
          "iQteMaxPanier": 1000,
          "sUrlLogoDemandeVocale": "/_res/release/_img/ascWCRS414_PanierBot/picto-commande-vocale.svg?v=638163832640000000",
          "fEstDansDemandeVocale": false,
          "fEstProduitCategorieCommerciale": false,
          "lstMentionsProduit": [],
          "objAvisClient": {
            "IdProduit": 3028,
            "IdProduitBZV": 64988,
            "Addon": "00",
            "Note": {
              "Valeur": 4.0,
              "IdPicto": 161
            },
            "NbAvis": 4
          },
          "sIdUnique": "Produit3028"
        },
        "lstEnfants": []
      },
      {
        "objElement": {
          "sNoPointLivraison": "079111",
          "iIdProduit": 3014,
          "iIdRayon": 284321,
          "iIdFamille": 284362,
          "niIdSousFamille": 285529,
          "sType": "Produit",
          "sId": "3014",
          "niIdPhotoEnLigne": 2062410,
          "eIncitationLot": 0,
          "sIdUniqueRayon": "Rayon284321",
          "iIdElementPresentation": 284478,
          "sLibelleLigne1": "Brioche tress&#233;e Epi d&#39;Or",
          "sLibelleLigne2": "P&#233;pites de chocolat - 600g",
          "iQteDisponible": 1,
          "sPrixUnitaire": "2,30 €",
          "fAfficherPrixUnitaire": true,
          "nrPVBRIIDeduit": 2.30,
          "sPrixPromo": "2,30 €",
          "sPrixParUniteDeMesure": "3,83 € / kg",
          "fAfficherPrixParUniteMesure": true,
          "nrPVMesureBRIIDeduit": 3.83,
          "sUrlVignetteProduit": "https://fd7-photos.leclercdrive.fr/image.ashx?id=2062410&use=l&cat=p&typeid=i",
          "fEstBRIIActifEtDisponible": false,
          "fBriiAffichageSticker": false,
          "fPrixAvantageux": false,
          "sUrlLogoBrii": "",
          "sUrlStickerCampagne": "",
          "sTexteLogoBRII": "Promotion BRII",
          "sTexteTooltipLot": "",
          "fEstVisiblePictoPromoTEL": false,
          "sCodeLotHeterogene": "",
          "sUrlLogoTEL": "",
          "sTexteLogoTel": "Promotion TEL",
          "sLibellePictoAjouterProduit": "Ajouter au panier",
          "sLibelleUrlNaviguerRayon": "Voir le rayon",
          "iQuantitePanier": 0,
          "rTotalAPayer": 0.0,
          "sTotalAPayer": "0,00 €",
          "sOrigineZoneDepeche": "",
          "fVoirRayon": false,
          "sUrlVoirRayon": "",
          "eDisponibilite": 0,
          "iIdElementPresentationPrincipale": 284478,
          "fProduitSubstitution": false,
          "sTexteEcoParticipationPrix": "",
          "fAppartientAUneListe": false,
          "sMsgHeaderPopinAuthen": "Vous devez être identifié(e) pour ajouter le produit à vos listes.",
          "fAfficherTexteProduitIndispo": false,
          "sTexteProduitIndispo": "",
          "sTexteProduitIndispoCarte": "",
          "fGainsBRD": false,
          "eTypeProduit": 1,
          "sUrlPageProduit": "https://fd7-courses.leclercdrive.fr/magasin-079111-Massy-Palaiseau/fiche-produits-3014-Brioche-tressee-Epi-dOr.aspx",
          "iQteMinPanier": 0,
          "iQteMaxPanier": 1000,
          "sUrlLogoDemandeVocale": "/_res/release/_img/ascWCRS414_PanierBot/picto-commande-vocale.svg?v=638163832640000000",
          "fEstDansDemandeVocale": false,
          "fEstProduitCategorieCommerciale": false,
          "lstMentionsProduit": [],
          "objAvisClient": {
            "IdProduit": 3014,
            "IdProduitBZV": 55265,
            "Addon": "00",
            "Note": {
              "Valeur": 4.0,
              "IdPicto": 161
            },
            "NbAvis": 3
          },
          "sIdUnique": "Produit3014"
        },
        "lstEnfants": []
      },
      {
        "objElement": {
          "sNoPointLivraison": "079111",
          "iIdProduit": 362,
          "iIdRayon": 284321,
          "iIdFamille": 284362,
          "niIdSousFamille": 285529,
          "sType": "Produit",
          "sId": "362",
          "niIdPhotoEnLigne": 2486077,
          "eIncitationLot": 0,
          "sIdUniqueRayon": "Rayon284321",
          "iIdElementPresentation": 284478,
          "sLibelleLigne1": "Briochettes Epi d&#39;Or",
          "sLibelleLigne2": "x12 - 480g",
          "iQteDisponible": 6,
          "sPrixUnitaire": "1,65 €",
          "fAfficherPrixUnitaire": true,
          "nrPVBRIIDeduit": 1.65,
          "sPrixPromo": "1,65 €",
          "sPrixParUniteDeMesure": "3,44 € / kg",
          "fAfficherPrixParUniteMesure": true,
          "nrPVMesureBRIIDeduit": 3.44,
          "sUrlVignetteProduit": "https://fd7-photos.leclercdrive.fr/image.ashx?id=2486077&use=l&cat=p&typeid=i",
          "fEstBRIIActifEtDisponible": false,
          "fBriiAffichageSticker": false,
          "fPrixAvantageux": false,
          "sUrlLogoBrii": "",
          "sUrlStickerCampagne": "",
          "sTexteLogoBRII": "Promotion BRII",
          "sTexteTooltipLot": "",
          "fEstVisiblePictoPromoTEL": false,
          "sCodeLotHeterogene": "",
          "sUrlLogoTEL": "",
          "sTexteLogoTel": "Promotion TEL",
          "sLibellePictoAjouterProduit": "Ajouter au panier",
          "sLibelleUrlNaviguerRayon": "Voir le rayon",
          "iQuantitePanier": 0,
          "rTotalAPayer": 0.0,
          "sTotalAPayer": "0,00 €",
          "sOrigineZoneDepeche": "",
          "fVoirRayon": false,
          "sUrlVoirRayon": "",
          "eDisponibilite": 0,
          "iIdElementPresentationPrincipale": 284478,
          "fProduitSubstitution": false,
          "sTexteEcoParticipationPrix": "",
          "fAppartientAUneListe": false,
          "sMsgHeaderPopinAuthen": "Vous devez être identifié(e) pour ajouter le produit à vos listes.",
          "fAfficherTexteProduitIndispo": false,
          "sTexteProduitIndispo": "",
          "sTexteProduitIndispoCarte": "",
          "fGainsBRD": false,
          "eTypeProduit": 1,
          "sUrlPageProduit": "https://fd7-courses.leclercdrive.fr/magasin-079111-Massy-Palaiseau/fiche-produits-362-Briochettes-Epi-dOr.aspx",
          "iQteMinPanier": 0,
          "iQteMaxPanier": 1000,
          "sUrlLogoDemandeVocale": "/_res/release/_img/ascWCRS414_PanierBot/picto-commande-vocale.svg?v=638163832640000000",
          "fEstDansDemandeVocale": false,
          "fEstProduitCategorieCommerciale": false,
          "lstMentionsProduit": [],
          "objAvisClient": {
            "IdProduit": 362,
            "IdProduitBZV": 86098,
            "Addon": "01",
            "Note": {
              "Valeur": 3.0,
              "IdPicto": 159
            },
            "NbAvis": 30
          },
          "sIdUnique": "Produit362"
        },
        "lstEnfants": []
      },
      {
        "objElement": {
          "sNoPointLivraison": "079111",
          "iIdProduit": 155303,
          "iIdRayon": 284321,
          "iIdFamille": 284362,
          "niIdSousFamille": 285529,
          "sType": "Produit",
          "sId": "155303",
          "niIdPhotoEnLigne": 2417857,
          "eIncitationLot": 0,
          "sIdUniqueRayon": "Rayon284321",
          "iIdElementPresentation": 284478,
          "sLibelleLigne1": "Briochettes Pasquier",
          "sLibelleLigne2": "x12 - 480g",
          "iQteDisponible": 0,
          "sPrixUnitaire": "2,40 €",
          "fAfficherPrixUnitaire": true,
          "nrPVBRIIDeduit": 2.40,
          "sPrixPromo": "2,40 €",
          "sPrixParUniteDeMesure": "5,00 € / kg",
          "fAfficherPrixParUniteMesure": true,
          "nrPVMesureBRIIDeduit": 5.00,
          "sUrlVignetteProduit": "https://fd7-photos.leclercdrive.fr/image.ashx?id=2417857&use=l&cat=p&typeid=i",
          "fEstBRIIActifEtDisponible": false,
          "fBriiAffichageSticker": false,
          "fPrixAvantageux": false,
          "sUrlLogoBrii": "",
          "sUrlStickerCampagne": "",
          "sTexteLogoBRII": "Promotion BRII",
          "sTexteTooltipLot": "",
          "fEstVisiblePictoPromoTEL": false,
          "sCodeLotHeterogene": "",
          "sUrlLogoTEL": "",
          "sTexteLogoTel": "Promotion TEL",
          "sLibellePictoAjouterProduit": "Ajouter au panier",
          "sLibelleUrlNaviguerRayon": "Voir le rayon",
          "iQuantitePanier": 0,
          "rTotalAPayer": 0.0,
          "sTotalAPayer": "0,00 €",
          "sOrigineZoneDepeche": "",
          "fVoirRayon": false,
          "sUrlVoirRayon": "",
          "eDisponibilite": 1,
          "iIdElementPresentationPrincipale": 284478,
          "fProduitSubstitution": false,
          "sTexteEcoParticipationPrix": "",
          "fAppartientAUneListe": false,
          "sMsgHeaderPopinAuthen": "Vous devez être identifié(e) pour ajouter le produit à vos listes.",
          "fAfficherTexteProduitIndispo": true,
          "sTexteProduitIndispo": "",
          "sTexteProduitIndispoCarte": "",
          "fGainsBRD": false,
          "eTypeProduit": 1,
          "sUrlPageProduit": "https://fd7-courses.leclercdrive.fr/magasin-079111-Massy-Palaiseau/fiche-produits-155303-Briochettes-Pasquier.aspx",
          "iQteMinPanier": 0,
          "iQteMaxPanier": 1000,
          "sUrlLogoDemandeVocale": "/_res/release/_img/ascWCRS414_PanierBot/picto-commande-vocale.svg?v=638163832640000000",
          "fEstDansDemandeVocale": false,
          "fEstProduitCategorieCommerciale": false,
          "lstMentionsProduit": [],
          "objAvisClient": {
            "IdProduit": 155303,
            "IdProduitBZV": 91213,
            "Addon": "AUCUN",
            "Note": {
              "Valeur": 5.0,
              "IdPicto": 163
            },
            "NbAvis": 2
          },
          "sIdUnique": "Produit155303"
        },
        "lstEnfants": []
      },
      {
        "objElement": {
          "sNoPointLivraison": "079111",
          "iIdProduit": 3029,
          "iIdRayon": 284321,
          "iIdFamille": 284362,
          "niIdSousFamille": 285529,
          "sType": "Produit",
          "sId": "3029",
          "niIdPhotoEnLigne": 1946114,
          "eIncitationLot": 0,
          "sIdUniqueRayon": "Rayon284321",
          "iIdElementPresentation": 284478,
          "sLibelleLigne1": "G&#226;che cr&#232;me fra&#238;che",
          "sLibelleLigne2": "Nos R&#233;gions ont du Talent 400g",
          "iQteDisponible": 0,
          "sPrixUnitaire": "2,81 €",
          "fAfficherPrixUnitaire": false,
          "nrPVBRIIDeduit": 2.81,
          "sPrixPromo": "2,81 €",
          "sPrixParUniteDeMesure": "7,03 € / kg",
          "fAfficherPrixParUniteMesure": false,
          "nrPVMesureBRIIDeduit": 7.03,
          "sUrlVignetteProduit": "https://fd7-photos.leclercdrive.fr/image.ashx?id=1946114&use=l&cat=p&typeid=i",
          "fEstBRIIActifEtDisponible": false,
          "fBriiAffichageSticker": false,
          "fPrixAvantageux": false,
          "sUrlLogoBrii": "",
          "sUrlStickerCampagne": "",
          "sTexteLogoBRII": "Promotion BRII",
          "sTexteTooltipLot": "",
          "fEstVisiblePictoPromoTEL": false,
          "sCodeLotHeterogene": "",
          "sUrlLogoTEL": "",
          "sTexteLogoTel": "Promotion TEL",
          "sLibellePictoAjouterProduit": "Ajouter au panier",
          "sLibelleUrlNaviguerRayon": "Voir le rayon",
          "iQuantitePanier": 0,
          "rTotalAPayer": 0.0,
          "sTotalAPayer": "0,00 €",
          "sOrigineZoneDepeche": "",
          "fVoirRayon": false,
          "sUrlVoirRayon": "",
          "eDisponibilite": 1,
          "iIdElementPresentationPrincipale": 284478,
          "fProduitSubstitution": true,
          "sTexteEcoParticipationPrix": "",
          "fAppartientAUneListe": false,
          "sMsgHeaderPopinAuthen": "Vous devez être identifié(e) pour ajouter le produit à vos listes.",
          "fAfficherTexteProduitIndispo": true,
          "sTexteProduitIndispo": "",
          "sTexteProduitIndispoCarte": "",
          "fGainsBRD": false,
          "eTypeProduit": 1,
          "sUrlPageProduit": "https://fd7-courses.leclercdrive.fr/magasin-079111-Massy-Palaiseau/fiche-produits-3029-Gache-creme-fraiche.aspx",
          "iQteMinPanier": 0,
          "iQteMaxPanier": 1000,
          "sUrlLogoDemandeVocale": "/_res/release/_img/ascWCRS414_PanierBot/picto-commande-vocale.svg?v=638163832640000000",
          "fEstDansDemandeVocale": false,
          "fEstProduitCategorieCommerciale": false,
          "lstMentionsProduit": [],
          "objAvisClient": {
            "IdProduit": 3029,
            "IdProduitBZV": 64996,
            "Addon": "01",
            "Note": {
              "Valeur": 3.5,
              "IdPicto": 160
            },
            "NbAvis": 2
          },
          "sIdUnique": "Produit3029"
        },
        "lstEnfants": []
      },
      {
        "objElement": {
          "sNoPointLivraison": "079111",
          "iIdProduit": 24847,
          "iIdRayon": 284321,
          "iIdFamille": 284362,
          "niIdSousFamille": 285529,
          "sType": "Produit",
          "sId": "24847",
          "niIdPhotoEnLigne": 2436026,
          "eIncitationLot": 0,
          "sIdUniqueRayon": "Rayon284321",
          "iIdElementPresentation": 284478,
          "sLibelleLigne1": "G&#226;che tranch&#233;e beurre",
          "sLibelleLigne2": "Nos R&#233;gions ont du Talent  450g",
          "iQteDisponible": 9,
          "sPrixUnitaire": "2,48 €",
          "fAfficherPrixUnitaire": true,
          "nrPVBRIIDeduit": 2.48,
          "sPrixPromo": "2,48 €",
          "sPrixParUniteDeMesure": "5,51 € / kg",
          "fAfficherPrixParUniteMesure": true,
          "nrPVMesureBRIIDeduit": 5.51,
          "sUrlVignetteProduit": "https://fd7-photos.leclercdrive.fr/image.ashx?id=2436026&use=l&cat=p&typeid=i",
          "fEstBRIIActifEtDisponible": false,
          "fBriiAffichageSticker": false,
          "fPrixAvantageux": false,
          "sUrlLogoBrii": "",
          "sUrlStickerCampagne": "",
          "sTexteLogoBRII": "Promotion BRII",
          "sTexteTooltipLot": "",
          "fEstVisiblePictoPromoTEL": false,
          "sCodeLotHeterogene": "",
          "sUrlLogoTEL": "",
          "sTexteLogoTel": "Promotion TEL",
          "sLibellePictoAjouterProduit": "Ajouter au panier",
          "sLibelleUrlNaviguerRayon": "Voir le rayon",
          "iQuantitePanier": 0,
          "rTotalAPayer": 0.0,
          "sTotalAPayer": "0,00 €",
          "sOrigineZoneDepeche": "",
          "fVoirRayon": false,
          "sUrlVoirRayon": "",
          "eDisponibilite": 0,
          "iIdElementPresentationPrincipale": 284478,
          "fProduitSubstitution": false,
          "sTexteEcoParticipationPrix": "",
          "fAppartientAUneListe": false,
          "sMsgHeaderPopinAuthen": "Vous devez être identifié(e) pour ajouter le produit à vos listes.",
          "fAfficherTexteProduitIndispo": false,
          "sTexteProduitIndispo": "",
          "sTexteProduitIndispoCarte": "",
          "fGainsBRD": false,
          "eTypeProduit": 1,
          "sUrlPageProduit": "https://fd7-courses.leclercdrive.fr/magasin-079111-Massy-Palaiseau/fiche-produits-24847-Gache-tranchee-beurre.aspx",
          "iQteMinPanier": 0,
          "iQteMaxPanier": 1000,
          "sUrlLogoDemandeVocale": "/_res/release/_img/ascWCRS414_PanierBot/picto-commande-vocale.svg?v=638163832640000000",
          "fEstDansDemandeVocale": false,
          "fEstProduitCategorieCommerciale": false,
          "lstMentionsProduit": [],
          "objAvisClient": {
            "IdProduit": 24847,
            "IdProduitBZV": 54424,
            "Addon": "00",
            "Note": {
              "Valeur": 4.0,
              "IdPicto": 161
            },
            "NbAvis": 13
          },
          "sIdUnique": "Produit24847"
        },
        "lstEnfants": []
      },
      {
        "objElement": {
          "sNoPointLivraison": "079111",
          "iIdProduit": 58463,
          "iIdRayon": 284321,
          "iIdFamille": 284362,
          "niIdSousFamille": 285529,
          "sType": "Produit",
          "sId": "58463",
          "niIdPhotoEnLigne": 2277956,
          "eIncitationLot": 0,
          "sIdUniqueRayon": "Rayon284321",
          "iIdElementPresentation": 284478,
          "sLibelleLigne1": "G&#226;che tranch&#233;e La Fourn&#233;e Dor&#233;e",
          "sLibelleLigne2": "500g",
          "iQteDisponible": 5,
          "sPrixUnitaire": "2,30 €",
          "fAfficherPrixUnitaire": true,
          "nrPVBRIIDeduit": 2.30,
          "sPrixPromo": "2,30 €",
          "sPrixParUniteDeMesure": "4,60 € / kg",
          "fAfficherPrixParUniteMesure": true,
          "nrPVMesureBRIIDeduit": 4.60,
          "sUrlVignetteProduit": "https://fd7-photos.leclercdrive.fr/image.ashx?id=2277956&use=l&cat=p&typeid=i",
          "fEstBRIIActifEtDisponible": false,
          "fBriiAffichageSticker": false,
          "fPrixAvantageux": false,
          "sUrlLogoBrii": "",
          "sUrlStickerCampagne": "",
          "sTexteLogoBRII": "Promotion BRII",
          "sTexteTooltipLot": "",
          "fEstVisiblePictoPromoTEL": false,
          "sCodeLotHeterogene": "",
          "sUrlLogoTEL": "",
          "sTexteLogoTel": "Promotion TEL",
          "sLibellePictoAjouterProduit": "Ajouter au panier",
          "sLibelleUrlNaviguerRayon": "Voir le rayon",
          "iQuantitePanier": 0,
          "rTotalAPayer": 0.0,
          "sTotalAPayer": "0,00 €",
          "sOrigineZoneDepeche": "",
          "fVoirRayon": false,
          "sUrlVoirRayon": "",
          "eDisponibilite": 0,
          "iIdElementPresentationPrincipale": 284478,
          "fProduitSubstitution": false,
          "sTexteEcoParticipationPrix": "",
          "fAppartientAUneListe": false,
          "sMsgHeaderPopinAuthen": "Vous devez être identifié(e) pour ajouter le produit à vos listes.",
          "fAfficherTexteProduitIndispo": false,
          "sTexteProduitIndispo": "",
          "sTexteProduitIndispoCarte": "",
          "fGainsBRD": false,
          "eTypeProduit": 1,
          "sUrlPageProduit": "https://fd7-courses.leclercdrive.fr/magasin-079111-Massy-Palaiseau/fiche-produits-58463-Gache-tranchee-La-Fournee-Doree.aspx",
          "iQteMinPanier": 0,
          "iQteMaxPanier": 1000,
          "sUrlLogoDemandeVocale": "/_res/release/_img/ascWCRS414_PanierBot/picto-commande-vocale.svg?v=638163832640000000",
          "fEstDansDemandeVocale": false,
          "fEstProduitCategorieCommerciale": false,
          "lstMentionsProduit": [],
          "objAvisClient": {
            "IdProduit": 58463,
            "IdProduitBZV": 34898,
            "Addon": "AUCUN",
            "Note": {
              "Valeur": 4.5,
              "IdPicto": 162
            },
            "NbAvis": 12
          },
          "sIdUnique": "Produit58463"
        },
        "lstEnfants": []
      },
      {
        "objElement": {
          "sNoPointLivraison": "079111",
          "iIdProduit": 55254,
          "iIdRayon": 284321,
          "iIdFamille": 284362,
          "niIdSousFamille": 285529,
          "sType": "Produit",
          "sId": "55254",
          "niIdPhotoEnLigne": 2424560,
          "eIncitationLot": 0,
          "sIdUniqueRayon": "Rayon284321",
          "iIdElementPresentation": 284478,
          "sLibelleLigne1": "G&#226;che ronde La Fourn&#233;e Dor&#233;e",
          "sLibelleLigne2": "Levain et cr&#232;me fra&#238;che - 500g",
          "iQteDisponible": 1,
          "sPrixUnitaire": "2,58 €",
          "fAfficherPrixUnitaire": true,
          "nrPVBRIIDeduit": 2.58,
          "sPrixPromo": "2,58 €",
          "sPrixParUniteDeMesure": "5,16 € / kg",
          "fAfficherPrixParUniteMesure": true,
          "nrPVMesureBRIIDeduit": 5.16,
          "sUrlVignetteProduit": "https://fd7-photos.leclercdrive.fr/image.ashx?id=2424560&use=l&cat=p&typeid=i",
          "fEstBRIIActifEtDisponible": false,
          "fBriiAffichageSticker": false,
          "fPrixAvantageux": false,
          "sUrlLogoBrii": "",
          "sUrlStickerCampagne": "",
          "sTexteLogoBRII": "Promotion BRII",
          "sTexteTooltipLot": "",
          "fEstVisiblePictoPromoTEL": false,
          "sCodeLotHeterogene": "",
          "sUrlLogoTEL": "",
          "sTexteLogoTel": "Promotion TEL",
          "sLibellePictoAjouterProduit": "Ajouter au panier",
          "sLibelleUrlNaviguerRayon": "Voir le rayon",
          "iQuantitePanier": 0,
          "rTotalAPayer": 0.0,
          "sTotalAPayer": "0,00 €",
          "sOrigineZoneDepeche": "",
          "fVoirRayon": false,
          "sUrlVoirRayon": "",
          "eDisponibilite": 0,
          "iIdElementPresentationPrincipale": 284478,
          "fProduitSubstitution": false,
          "sTexteEcoParticipationPrix": "",
          "fAppartientAUneListe": false,
          "sMsgHeaderPopinAuthen": "Vous devez être identifié(e) pour ajouter le produit à vos listes.",
          "fAfficherTexteProduitIndispo": false,
          "sTexteProduitIndispo": "",
          "sTexteProduitIndispoCarte": "",
          "fGainsBRD": false,
          "eTypeProduit": 1,
          "sUrlPageProduit": "https://fd7-courses.leclercdrive.fr/magasin-079111-Massy-Palaiseau/fiche-produits-55254-Gache-ronde-La-Fournee-Doree.aspx",
          "iQteMinPanier": 0,
          "iQteMaxPanier": 1000,
          "sUrlLogoDemandeVocale": "/_res/release/_img/ascWCRS414_PanierBot/picto-commande-vocale.svg?v=638163832640000000",
          "fEstDansDemandeVocale": false,
          "fEstProduitCategorieCommerciale": false,
          "lstMentionsProduit": [],
          "objAvisClient": {
            "IdProduit": 55254,
            "IdProduitBZV": 1419,
            "Addon": "AUCUN",
            "Note": {
              "Valeur": 5.0,
              "IdPicto": 163
            },
            "NbAvis": 1
          },
          "sIdUnique": "Produit55254"
        },
        "lstEnfants": []
      },
      {
        "objElement": {
          "sNoPointLivraison": "079111",
          "iIdProduit": 50717,
          "iIdRayon": 284321,
          "iIdFamille": 284362,
          "niIdSousFamille": 285529,
          "sType": "Produit",
          "sId": "50717",
          "niIdPhotoEnLigne": 2347035,
          "eIncitationLot": 0,
          "sIdUniqueRayon": "Rayon284321",
          "iIdElementPresentation": 284478,
          "sLibelleLigne1": "G&#226;che tranch&#233;e La Fourn&#233;e Dor&#233;e",
          "sLibelleLigne2": "P&#233;pites de chocolat - 500g",
          "iQteDisponible": 7,
          "sPrixUnitaire": "2,78 €",
          "fAfficherPrixUnitaire": true,
          "nrPVBRIIDeduit": 2.78,
          "sPrixPromo": "2,78 €",
          "sPrixParUniteDeMesure": "5,56 € / kg",
          "fAfficherPrixParUniteMesure": true,
          "nrPVMesureBRIIDeduit": 5.56,
          "sUrlVignetteProduit": "https://fd7-photos.leclercdrive.fr/image.ashx?id=2347035&use=l&cat=p&typeid=i",
          "fEstBRIIActifEtDisponible": false,
          "fBriiAffichageSticker": false,
          "fPrixAvantageux": false,
          "sUrlLogoBrii": "",
          "sUrlStickerCampagne": "",
          "sTexteLogoBRII": "Promotion BRII",
          "sTexteTooltipLot": "",
          "fEstVisiblePictoPromoTEL": false,
          "sCodeLotHeterogene": "",
          "sUrlLogoTEL": "",
          "sTexteLogoTel": "Promotion TEL",
          "sLibellePictoAjouterProduit": "Ajouter au panier",
          "sLibelleUrlNaviguerRayon": "Voir le rayon",
          "iQuantitePanier": 0,
          "rTotalAPayer": 0.0,
          "sTotalAPayer": "0,00 €",
          "sOrigineZoneDepeche": "",
          "fVoirRayon": false,
          "sUrlVoirRayon": "",
          "eDisponibilite": 0,
          "iIdElementPresentationPrincipale": 284478,
          "fProduitSubstitution": false,
          "sTexteEcoParticipationPrix": "",
          "fAppartientAUneListe": false,
          "sMsgHeaderPopinAuthen": "Vous devez être identifié(e) pour ajouter le produit à vos listes.",
          "fAfficherTexteProduitIndispo": false,
          "sTexteProduitIndispo": "",
          "sTexteProduitIndispoCarte": "",
          "fGainsBRD": false,
          "eTypeProduit": 1,
          "sUrlPageProduit": "https://fd7-courses.leclercdrive.fr/magasin-079111-Massy-Palaiseau/fiche-produits-50717-Gache-tranchee-La-Fournee-Doree.aspx",
          "iQteMinPanier": 0,
          "iQteMaxPanier": 1000,
          "sUrlLogoDemandeVocale": "/_res/release/_img/ascWCRS414_PanierBot/picto-commande-vocale.svg?v=638163832640000000",
          "fEstDansDemandeVocale": false,
          "fEstProduitCategorieCommerciale": false,
          "lstMentionsProduit": [],
          "objAvisClient": {
            "IdProduit": 50717,
            "IdProduitBZV": 78546,
            "Addon": "AUCUN"
          },
          "sIdUnique": "Produit50717"
        },
        "lstEnfants": []
      },
      {
        "objElement": {
          "sNoPointLivraison": "079111",
          "iIdProduit": 5909,
          "iIdRayon": 284321,
          "iIdFamille": 284362,
          "niIdSousFamille": 285529,
          "sType": "Produit",
          "sId": "5909",
          "niIdPhotoEnLigne": 2302997,
          "eIncitationLot": 0,
          "sIdUniqueRayon": "Rayon284321",
          "iIdElementPresentation": 284478,
          "sLibelleLigne1": "Mini g&#226;ches pur beurre",
          "sLibelleLigne2": "Nos R&#233;gions ont du Talent- 360g",
          "iQteDisponible": 2,
          "sPrixUnitaire": "1,99 €",
          "fAfficherPrixUnitaire": true,
          "nrPVBRIIDeduit": 1.99,
          "sPrixPromo": "1,99 €",
          "sPrixParUniteDeMesure": "5,53 € / kg",
          "fAfficherPrixParUniteMesure": true,
          "nrPVMesureBRIIDeduit": 5.53,
          "sUrlVignetteProduit": "https://fd7-photos.leclercdrive.fr/image.ashx?id=2302997&use=l&cat=p&typeid=i",
          "fEstBRIIActifEtDisponible": false,
          "fBriiAffichageSticker": false,
          "fPrixAvantageux": false,
          "sUrlLogoBrii": "",
          "sUrlStickerCampagne": "",
          "sTexteLogoBRII": "Promotion BRII",
          "sTexteTooltipLot": "",
          "fEstVisiblePictoPromoTEL": false,
          "sCodeLotHeterogene": "",
          "sUrlLogoTEL": "",
          "sTexteLogoTel": "Promotion TEL",
          "sLibellePictoAjouterProduit": "Ajouter au panier",
          "sLibelleUrlNaviguerRayon": "Voir le rayon",
          "iQuantitePanier": 0,
          "rTotalAPayer": 0.0,
          "sTotalAPayer": "0,00 €",
          "sOrigineZoneDepeche": "",
          "fVoirRayon": false,
          "sUrlVoirRayon": "",
          "eDisponibilite": 0,
          "iIdElementPresentationPrincipale": 284478,
          "fProduitSubstitution": false,
          "sTexteEcoParticipationPrix": "",
          "fAppartientAUneListe": false,
          "sMsgHeaderPopinAuthen": "Vous devez être identifié(e) pour ajouter le produit à vos listes.",
          "fAfficherTexteProduitIndispo": false,
          "sTexteProduitIndispo": "",
          "sTexteProduitIndispoCarte": "",
          "fGainsBRD": false,
          "eTypeProduit": 1,
          "sUrlPageProduit": "https://fd7-courses.leclercdrive.fr/magasin-079111-Massy-Palaiseau/fiche-produits-5909-Mini-gaches-pur-beurre.aspx",
          "iQteMinPanier": 0,
          "iQteMaxPanier": 1000,
          "sUrlLogoDemandeVocale": "/_res/release/_img/ascWCRS414_PanierBot/picto-commande-vocale.svg?v=638163832640000000",
          "fEstDansDemandeVocale": false,
          "fEstProduitCategorieCommerciale": false,
          "lstMentionsProduit": [],
          "objAvisClient": {
            "IdProduit": 5909,
            "IdProduitBZV": 85444,
            "Addon": "00",
            "Note": {
              "Valeur": 4.5,
              "IdPicto": 162
            },
            "NbAvis": 11
          },
          "sIdUnique": "Produit5909"
        },
        "lstEnfants": []
      },
      {
        "objElement": {
          "sNoPointLivraison": "079111",
          "iIdProduit": 15525,
          "iIdRayon": 284321,
          "iIdFamille": 284362,
          "niIdSousFamille": 285529,
          "sType": "Produit",
          "sId": "15525",
          "niIdPhotoEnLigne": 2332838,
          "eIncitationLot": 0,
          "sIdUniqueRayon": "Rayon284321",
          "iIdElementPresentation": 284478,
          "sLibelleLigne1": "Mini g&#226;ches au chocolat",
          "sLibelleLigne2": "Nos R&#233;gions ont du Talent- 360g",
          "iQteDisponible": 3,
          "sPrixUnitaire": "2,49 €",
          "fAfficherPrixUnitaire": true,
          "nrPVBRIIDeduit": 2.49,
          "sPrixPromo": "2,49 €",
          "sPrixParUniteDeMesure": "6,92 € / kg",
          "fAfficherPrixParUniteMesure": true,
          "nrPVMesureBRIIDeduit": 6.92,
          "sUrlVignetteProduit": "https://fd7-photos.leclercdrive.fr/image.ashx?id=2332838&use=l&cat=p&typeid=i",
          "fEstBRIIActifEtDisponible": false,
          "fBriiAffichageSticker": false,
          "fPrixAvantageux": false,
          "sUrlLogoBrii": "",
          "sUrlStickerCampagne": "",
          "sTexteLogoBRII": "Promotion BRII",
          "sTexteTooltipLot": "",
          "fEstVisiblePictoPromoTEL": false,
          "sCodeLotHeterogene": "",
          "sUrlLogoTEL": "",
          "sTexteLogoTel": "Promotion TEL",
          "sLibellePictoAjouterProduit": "Ajouter au panier",
          "sLibelleUrlNaviguerRayon": "Voir le rayon",
          "iQuantitePanier": 0,
          "rTotalAPayer": 0.0,
          "sTotalAPayer": "0,00 €",
          "sOrigineZoneDepeche": "",
          "fVoirRayon": false,
          "sUrlVoirRayon": "",
          "eDisponibilite": 0,
          "iIdElementPresentationPrincipale": 284478,
          "fProduitSubstitution": false,
          "sTexteEcoParticipationPrix": "",
          "fAppartientAUneListe": false,
          "sMsgHeaderPopinAuthen": "Vous devez être identifié(e) pour ajouter le produit à vos listes.",
          "fAfficherTexteProduitIndispo": false,
          "sTexteProduitIndispo": "",
          "sTexteProduitIndispoCarte": "",
          "fGainsBRD": false,
          "eTypeProduit": 1,
          "sUrlPageProduit": "https://fd7-courses.leclercdrive.fr/magasin-079111-Massy-Palaiseau/fiche-produits-15525-Mini-gaches-au-chocolat.aspx",
          "iQteMinPanier": 0,
          "iQteMaxPanier": 1000,
          "sUrlLogoDemandeVocale": "/_res/release/_img/ascWCRS414_PanierBot/picto-commande-vocale.svg?v=638163832640000000",
          "fEstDansDemandeVocale": false,
          "fEstProduitCategorieCommerciale": false,
          "lstMentionsProduit": [],
          "objAvisClient": {
            "IdProduit": 15525,
            "IdProduitBZV": 9063,
            "Addon": "01",
            "Note": {
              "Valeur": 4.5,
              "IdPicto": 162
            },
            "NbAvis": 12
          },
          "sIdUnique": "Produit15525"
        },
        "lstEnfants": []
      },
      {
        "objElement": {
          "sNoPointLivraison": "079111",
          "iIdProduit": 21572,
          "iIdRayon": 284321,
          "iIdFamille": 284362,
          "niIdSousFamille": 285529,
          "sType": "Produit",
          "sId": "21572",
          "niIdPhotoEnLigne": 2188491,
          "eIncitationLot": 0,
          "sIdUniqueRayon": "Rayon284321",
          "iIdElementPresentation": 284477,
          "sLibelleLigne1": "Baguette La Boulang&#232;re",
          "sLibelleLigne2": "Viennoise fendue 340g",
          "iQteDisponible": 17,
          "sPrixUnitaire": "1,46 €",
          "fAfficherPrixUnitaire": true,
          "nrPVBRIIDeduit": 1.46,
          "sPrixPromo": "1,46 €",
          "sPrixParUniteDeMesure": "4,29 € / kg",
          "fAfficherPrixParUniteMesure": true,
          "nrPVMesureBRIIDeduit": 4.29,
          "sUrlVignetteProduit": "https://fd7-photos.leclercdrive.fr/image.ashx?id=2188491&use=l&cat=p&typeid=i",
          "fEstBRIIActifEtDisponible": false,
          "fBriiAffichageSticker": false,
          "fPrixAvantageux": false,
          "sUrlLogoBrii": "",
          "sUrlStickerCampagne": "",
          "sTexteLogoBRII": "Promotion BRII",
          "sTexteTooltipLot": "",
          "fEstVisiblePictoPromoTEL": false,
          "sCodeLotHeterogene": "",
          "sUrlLogoTEL": "",
          "sTexteLogoTel": "Promotion TEL",
          "sLibellePictoAjouterProduit": "Ajouter au panier",
          "sLibelleUrlNaviguerRayon": "Voir le rayon",
          "iQuantitePanier": 0,
          "rTotalAPayer": 0.0,
          "sTotalAPayer": "0,00 €",
          "sOrigineZoneDepeche": "",
          "fVoirRayon": false,
          "sUrlVoirRayon": "",
          "eDisponibilite": 0,
          "iIdElementPresentationPrincipale": 284477,
          "fProduitSubstitution": false,
          "sTexteEcoParticipationPrix": "",
          "fAppartientAUneListe": false,
          "sMsgHeaderPopinAuthen": "Vous devez être identifié(e) pour ajouter le produit à vos listes.",
          "fAfficherTexteProduitIndispo": false,
          "sTexteProduitIndispo": "",
          "sTexteProduitIndispoCarte": "",
          "fGainsBRD": false,
          "eTypeProduit": 1,
          "sUrlPageProduit": "https://fd7-courses.leclercdrive.fr/magasin-079111-Massy-Palaiseau/fiche-produits-21572-Baguette-La-Boulangere.aspx",
          "iQteMinPanier": 0,
          "iQteMaxPanier": 1000,
          "sUrlLogoDemandeVocale": "/_res/release/_img/ascWCRS414_PanierBot/picto-commande-vocale.svg?v=638163832640000000",
          "fEstDansDemandeVocale": false,
          "fEstProduitCategorieCommerciale": false,
          "lstMentionsProduit": [],
          "objAvisClient": {
            "IdProduit": 21572,
            "IdProduitBZV": 78277,
            "Addon": "AUCUN",
            "Note": {
              "Valeur": 4.5,
              "IdPicto": 162
            },
            "NbAvis": 11
          },
          "sIdUnique": "Produit21572"
        },
        "lstEnfants": []
      },
      {
        "objElement": {
          "sNoPointLivraison": "079111",
          "iIdProduit": 58491,
          "iIdRayon": 284321,
          "iIdFamille": 284362,
          "niIdSousFamille": 285529,
          "sType": "Produit",
          "sId": "58491",
          "niIdPhotoEnLigne": 2415356,
          "eIncitationLot": 0,
          "sIdUniqueRayon": "Rayon284321",
          "iIdElementPresentation": 284478,
          "sLibelleLigne1": "Navettes La fourn&#233;e dor&#233;e",
          "sLibelleLigne2": "x8 - 400g",
          "iQteDisponible": 0,
          "sPrixUnitaire": "2,18 €",
          "fAfficherPrixUnitaire": true,
          "nrPVBRIIDeduit": 2.18,
          "sPrixPromo": "2,18 €",
          "sPrixParUniteDeMesure": "5,45 € / kg",
          "fAfficherPrixParUniteMesure": true,
          "nrPVMesureBRIIDeduit": 5.45,
          "sUrlVignetteProduit": "https://fd7-photos.leclercdrive.fr/image.ashx?id=2415356&use=l&cat=p&typeid=i",
          "fEstBRIIActifEtDisponible": false,
          "fBriiAffichageSticker": false,
          "fPrixAvantageux": false,
          "sUrlLogoBrii": "",
          "sUrlStickerCampagne": "",
          "sTexteLogoBRII": "Promotion BRII",
          "sTexteTooltipLot": "",
          "fEstVisiblePictoPromoTEL": false,
          "sCodeLotHeterogene": "",
          "sUrlLogoTEL": "",
          "sTexteLogoTel": "Promotion TEL",
          "sLibellePictoAjouterProduit": "Ajouter au panier",
          "sLibelleUrlNaviguerRayon": "Voir le rayon",
          "iQuantitePanier": 0,
          "rTotalAPayer": 0.0,
          "sTotalAPayer": "0,00 €",
          "sOrigineZoneDepeche": "",
          "fVoirRayon": false,
          "sUrlVoirRayon": "",
          "eDisponibilite": 1,
          "iIdElementPresentationPrincipale": 284478,
          "fProduitSubstitution": false,
          "sTexteEcoParticipationPrix": "",
          "fAppartientAUneListe": false,
          "sMsgHeaderPopinAuthen": "Vous devez être identifié(e) pour ajouter le produit à vos listes.",
          "fAfficherTexteProduitIndispo": true,
          "sTexteProduitIndispo": "",
          "sTexteProduitIndispoCarte": "",
          "fGainsBRD": false,
          "eTypeProduit": 1,
          "sUrlPageProduit": "https://fd7-courses.leclercdrive.fr/magasin-079111-Massy-Palaiseau/fiche-produits-58491-Navettes-La-fournee-doree.aspx",
          "iQteMinPanier": 0,
          "iQteMaxPanier": 1000,
          "sUrlLogoDemandeVocale": "/_res/release/_img/ascWCRS414_PanierBot/picto-commande-vocale.svg?v=638163832640000000",
          "fEstDansDemandeVocale": false,
          "fEstProduitCategorieCommerciale": false,
          "lstMentionsProduit": [],
          "objAvisClient": {
            "IdProduit": 58491,
            "IdProduitBZV": 37643,
            "Addon": "AUCUN"
          },
          "sIdUnique": "Produit58491"
        },
        "lstEnfants": []
      },
      {
        "objElement": {
          "sNoPointLivraison": "079111",
          "iIdProduit": 135371,
          "iIdRayon": 284321,
          "iIdFamille": 284362,
          "niIdSousFamille": 285529,
          "sType": "Produit",
          "sId": "135371",
          "niIdPhotoEnLigne": 2054549,
          "eIncitationLot": 0,
          "sIdUniqueRayon": "Rayon284321",
          "iIdElementPresentation": 285529,
          "sLibelleLigne1": "Brioche Bio Les 3 Meuniers",
          "sLibelleLigne2": "tranch&#233;e pur beurre - 500g",
          "iQteDisponible": 4,
          "sPrixUnitaire": "4,75 €",
          "fAfficherPrixUnitaire": true,
          "nrPVBRIIDeduit": 4.75,
          "sPrixPromo": "4,75 €",
          "sPrixParUniteDeMesure": "9,50 € / kg",
          "fAfficherPrixParUniteMesure": true,
          "nrPVMesureBRIIDeduit": 9.50,
          "sUrlVignetteProduit": "https://fd7-photos.leclercdrive.fr/image.ashx?id=2054549&use=l&cat=p&typeid=i",
          "fEstBRIIActifEtDisponible": false,
          "fBriiAffichageSticker": false,
          "fPrixAvantageux": false,
          "sUrlLogoBrii": "",
          "sUrlStickerCampagne": "",
          "sTexteLogoBRII": "Promotion BRII",
          "sTexteTooltipLot": "",
          "fEstVisiblePictoPromoTEL": true,
          "sCodeLotHeterogene": "",
          "sUrlLogoTEL": "https://fd7-photos.leclercdrive.fr/StickerPromo.ashx?type=100&val=10.00&unit=1&mindim=41&v=2",
          "sTexteLogoTel": "Promotion TEL",
          "sLibellePictoAjouterProduit": "Ajouter au panier",
          "sLibelleUrlNaviguerRayon": "Voir le rayon",
          "iQuantitePanier": 0,
          "rTotalAPayer": 0.0,
          "sTotalAPayer": "0,00 €",
          "sOrigineZoneDepeche": "",
          "fVoirRayon": false,
          "sUrlVoirRayon": "",
          "eDisponibilite": 0,
          "iIdElementPresentationPrincipale": 285529,
          "fProduitSubstitution": false,
          "sTexteEcoParticipationPrix": "",
          "fAppartientAUneListe": false,
          "sMsgHeaderPopinAuthen": "Vous devez être identifié(e) pour ajouter le produit à vos listes.",
          "fAfficherTexteProduitIndispo": false,
          "sTexteProduitIndispo": "",
          "sTexteProduitIndispoCarte": "",
          "fGainsBRD": false,
          "eTypeProduit": 1,
          "sUrlPageProduit": "https://fd7-courses.leclercdrive.fr/magasin-079111-Massy-Palaiseau/fiche-produits-135371-Brioche-Bio-Les-3-Meuniers.aspx",
          "iQteMinPanier": 0,
          "iQteMaxPanier": 1000,
          "sUrlLogoDemandeVocale": "/_res/release/_img/ascWCRS414_PanierBot/picto-commande-vocale.svg?v=638163832640000000",
          "fEstDansDemandeVocale": false,
          "fEstProduitCategorieCommerciale": false,
          "lstMentionsProduit": [],
          "objAvisClient": {
            "IdProduit": 135371,
            "IdProduitBZV": 4613,
            "Addon": "AUCUN"
          },
          "sIdUnique": "Produit135371"
        },
        "lstEnfants": []
      },
      {
        "objElement": {
          "sNoPointLivraison": "079111",
          "iIdProduit": 34694,
          "iIdRayon": 284321,
          "iIdFamille": 284362,
          "niIdSousFamille": 294673,
          "sType": "Produit",
          "sId": "34694",
          "niIdPhotoEnLigne": 1871977,
          "eIncitationLot": 0,
          "sIdUniqueRayon": "Rayon284321",
          "iIdElementPresentation": 293505,
          "sLibelleLigne1": "Briochettes p&#233;pites Epi d&#39;Or",
          "sLibelleLigne2": "Chocolat - x12 500g",
          "iQteDisponible": 10,
          "sPrixUnitaire": "2,32 €",
          "fAfficherPrixUnitaire": true,
          "nrPVBRIIDeduit": 2.32,
          "sPrixPromo": "2,32 €",
          "sPrixParUniteDeMesure": "4,64 € / kg",
          "fAfficherPrixParUniteMesure": true,
          "nrPVMesureBRIIDeduit": 4.64,
          "sUrlVignetteProduit": "https://fd7-photos.leclercdrive.fr/image.ashx?id=1871977&use=l&cat=p&typeid=i",
          "fEstBRIIActifEtDisponible": false,
          "fBriiAffichageSticker": false,
          "fPrixAvantageux": false,
          "sUrlLogoBrii": "",
          "sUrlStickerCampagne": "",
          "sTexteLogoBRII": "Promotion BRII",
          "sTexteTooltipLot": "",
          "fEstVisiblePictoPromoTEL": false,
          "sCodeLotHeterogene": "",
          "sUrlLogoTEL": "",
          "sTexteLogoTel": "Promotion TEL",
          "sLibellePictoAjouterProduit": "Ajouter au panier",
          "sLibelleUrlNaviguerRayon": "Voir le rayon",
          "iQuantitePanier": 0,
          "rTotalAPayer": 0.0,
          "sTotalAPayer": "0,00 €",
          "sOrigineZoneDepeche": "",
          "fVoirRayon": false,
          "sUrlVoirRayon": "",
          "eDisponibilite": 0,
          "iIdElementPresentationPrincipale": 293505,
          "fProduitSubstitution": false,
          "sTexteEcoParticipationPrix": "",
          "fAppartientAUneListe": false,
          "sMsgHeaderPopinAuthen": "Vous devez être identifié(e) pour ajouter le produit à vos listes.",
          "fAfficherTexteProduitIndispo": false,
          "sTexteProduitIndispo": "",
          "sTexteProduitIndispoCarte": "",
          "fGainsBRD": false,
          "eTypeProduit": 1,
          "sUrlPageProduit": "https://fd7-courses.leclercdrive.fr/magasin-079111-Massy-Palaiseau/fiche-produits-34694-Briochettes-pepites-Epi-dOr.aspx",
          "iQteMinPanier": 0,
          "iQteMaxPanier": 1000,
          "sUrlLogoDemandeVocale": "/_res/release/_img/ascWCRS414_PanierBot/picto-commande-vocale.svg?v=638163832640000000",
          "fEstDansDemandeVocale": false,
          "fEstProduitCategorieCommerciale": false,
          "lstMentionsProduit": [],
          "objAvisClient": {
            "IdProduit": 34694,
            "IdProduitBZV": 44104,
            "Addon": "05",
            "Note": {
              "Valeur": 3.5,
              "IdPicto": 160
            },
            "NbAvis": 9
          },
          "sIdUnique": "Produit34694"
        },
        "lstEnfants": []
      },
      {
        "objElement": {
          "sNoPointLivraison": "079111",
          "iIdProduit": 34693,
          "iIdRayon": 284321,
          "iIdFamille": 284362,
          "niIdSousFamille": 294673,
          "sType": "Produit",
          "sId": "34693",
          "niIdPhotoEnLigne": 1883954,
          "eIncitationLot": 0,
          "sIdUniqueRayon": "Rayon284321",
          "iIdElementPresentation": 293505,
          "sLibelleLigne1": "Briochettes p&#233;pites Epi d&#39;Or",
          "sLibelleLigne2": "Chocolat au lait - 500g",
          "iQteDisponible": 15,
          "sPrixUnitaire": "2,38 €",
          "fAfficherPrixUnitaire": true,
          "nrPVBRIIDeduit": 2.38,
          "sPrixPromo": "2,38 €",
          "sPrixParUniteDeMesure": "4,76 € / kg",
          "fAfficherPrixParUniteMesure": true,
          "nrPVMesureBRIIDeduit": 4.76,
          "sUrlVignetteProduit": "https://fd7-photos.leclercdrive.fr/image.ashx?id=1883954&use=l&cat=p&typeid=i",
          "fEstBRIIActifEtDisponible": false,
          "fBriiAffichageSticker": false,
          "fPrixAvantageux": false,
          "sUrlLogoBrii": "",
          "sUrlStickerCampagne": "",
          "sTexteLogoBRII": "Promotion BRII",
          "sTexteTooltipLot": "",
          "fEstVisiblePictoPromoTEL": false,
          "sCodeLotHeterogene": "",
          "sUrlLogoTEL": "",
          "sTexteLogoTel": "Promotion TEL",
          "sLibellePictoAjouterProduit": "Ajouter au panier",
          "sLibelleUrlNaviguerRayon": "Voir le rayon",
          "iQuantitePanier": 0,
          "rTotalAPayer": 0.0,
          "sTotalAPayer": "0,00 €",
          "sOrigineZoneDepeche": "",
          "fVoirRayon": false,
          "sUrlVoirRayon": "",
          "eDisponibilite": 0,
          "iIdElementPresentationPrincipale": 293505,
          "fProduitSubstitution": false,
          "sTexteEcoParticipationPrix": "",
          "fAppartientAUneListe": false,
          "sMsgHeaderPopinAuthen": "Vous devez être identifié(e) pour ajouter le produit à vos listes.",
          "fAfficherTexteProduitIndispo": false,
          "sTexteProduitIndispo": "",
          "sTexteProduitIndispoCarte": "",
          "fGainsBRD": false,
          "eTypeProduit": 1,
          "sUrlPageProduit": "https://fd7-courses.leclercdrive.fr/magasin-079111-Massy-Palaiseau/fiche-produits-34693-Briochettes-pepites-Epi-dOr.aspx",
          "iQteMinPanier": 0,
          "iQteMaxPanier": 1000,
          "sUrlLogoDemandeVocale": "/_res/release/_img/ascWCRS414_PanierBot/picto-commande-vocale.svg?v=638163832640000000",
          "fEstDansDemandeVocale": false,
          "fEstProduitCategorieCommerciale": false,
          "lstMentionsProduit": [],
          "objAvisClient": {
            "IdProduit": 34693,
            "IdProduitBZV": 43304,
            "Addon": "05",
            "Note": {
              "Valeur": 4.0,
              "IdPicto": 161
            },
            "NbAvis": 6
          },
          "sIdUnique": "Produit34693"
        },
        "lstEnfants": []
      },
      {
        "objElement": {
          "sNoPointLivraison": "079111",
          "iIdProduit": 179437,
          "iIdRayon": 284321,
          "iIdFamille": 284362,
          "niIdSousFamille": 294673,
          "sType": "Produit",
          "sId": "179437",
          "niIdPhotoEnLigne": 2452107,
          "eIncitationLot": 0,
          "sIdUniqueRayon": "Rayon284321",
          "iIdElementPresentation": 293505,
          "sLibelleLigne1": "Brioches Pitch",
          "sLibelleLigne2": "P&#233;pites chocolat x8 - 300g",
          "iQteDisponible": 10,
          "sPrixUnitaire": "2,26 €",
          "fAfficherPrixUnitaire": true,
          "nrPVBRIIDeduit": 2.26,
          "sPrixPromo": "2,26 €",
          "sPrixParUniteDeMesure": "7,53 € / kg",
          "fAfficherPrixParUniteMesure": true,
          "nrPVMesureBRIIDeduit": 7.53,
          "sUrlVignetteProduit": "https://fd7-photos.leclercdrive.fr/image.ashx?id=2452107&use=l&cat=p&typeid=i",
          "fEstBRIIActifEtDisponible": false,
          "fBriiAffichageSticker": false,
          "fPrixAvantageux": false,
          "sUrlLogoBrii": "",
          "sUrlStickerCampagne": "",
          "sTexteLogoBRII": "Promotion BRII",
          "sTexteTooltipLot": "",
          "fEstVisiblePictoPromoTEL": false,
          "sCodeLotHeterogene": "",
          "sUrlLogoTEL": "",
          "sTexteLogoTel": "Promotion TEL",
          "sLibellePictoAjouterProduit": "Ajouter au panier",
          "sLibelleUrlNaviguerRayon": "Voir le rayon",
          "iQuantitePanier": 0,
          "rTotalAPayer": 0.0,
          "sTotalAPayer": "0,00 €",
          "sOrigineZoneDepeche": "",
          "fVoirRayon": false,
          "sUrlVoirRayon": "",
          "eDisponibilite": 0,
          "iIdElementPresentationPrincipale": 293505,
          "fProduitSubstitution": false,
          "sTexteEcoParticipationPrix": "",
          "fAppartientAUneListe": false,
          "sMsgHeaderPopinAuthen": "Vous devez être identifié(e) pour ajouter le produit à vos listes.",
          "fAfficherTexteProduitIndispo": false,
          "sTexteProduitIndispo": "",
          "sTexteProduitIndispoCarte": "",
          "fGainsBRD": false,
          "eTypeProduit": 1,
          "sUrlPageProduit": "https://fd7-courses.leclercdrive.fr/magasin-079111-Massy-Palaiseau/fiche-produits-179437-Brioches-Pitch.aspx",
          "iQteMinPanier": 0,
          "iQteMaxPanier": 1000,
          "sUrlLogoDemandeVocale": "/_res/release/_img/ascWCRS414_PanierBot/picto-commande-vocale.svg?v=638163832640000000",
          "fEstDansDemandeVocale": false,
          "fEstProduitCategorieCommerciale": false,
          "lstMentionsProduit": [],
          "objAvisClient": {
            "IdProduit": 179437,
            "IdProduitBZV": 118102,
            "Addon": "AUCUN",
            "Note": {
              "Valeur": 5.0,
              "IdPicto": 163
            },
            "NbAvis": 1
          },
          "sIdUnique": "Produit179437"
        },
        "lstEnfants": []
      },
      {
        "objElement": {
          "sNoPointLivraison": "079111",
          "iIdProduit": 179431,
          "iIdRayon": 284321,
          "iIdFamille": 284362,
          "niIdSousFamille": 294673,
          "sType": "Produit",
          "sId": "179431",
          "niIdPhotoEnLigne": 2452119,
          "eIncitationLot": 0,
          "sIdUniqueRayon": "Rayon284321",
          "iIdElementPresentation": 293505,
          "sLibelleLigne1": "Brioche Pitch",
          "sLibelleLigne2": "Chocolat x8 - 300g",
          "iQteDisponible": 16,
          "sPrixUnitaire": "2,20 €",
          "fAfficherPrixUnitaire": true,
          "nrPVBRIIDeduit": 2.20,
          "sPrixPromo": "2,20 €",
          "sPrixParUniteDeMesure": "7,33 € / kg",
          "fAfficherPrixParUniteMesure": true,
          "nrPVMesureBRIIDeduit": 7.33,
          "sUrlVignetteProduit": "https://fd7-photos.leclercdrive.fr/image.ashx?id=2452119&use=l&cat=p&typeid=i",
          "fEstBRIIActifEtDisponible": false,
          "fBriiAffichageSticker": false,
          "fPrixAvantageux": false,
          "sUrlLogoBrii": "",
          "sUrlStickerCampagne": "",
          "sTexteLogoBRII": "Promotion BRII",
          "sTexteTooltipLot": "",
          "fEstVisiblePictoPromoTEL": false,
          "sCodeLotHeterogene": "",
          "sUrlLogoTEL": "",
          "sTexteLogoTel": "Promotion TEL",
          "sLibellePictoAjouterProduit": "Ajouter au panier",
          "sLibelleUrlNaviguerRayon": "Voir le rayon",
          "iQuantitePanier": 0,
          "rTotalAPayer": 0.0,
          "sTotalAPayer": "0,00 €",
          "sOrigineZoneDepeche": "",
          "fVoirRayon": false,
          "sUrlVoirRayon": "",
          "eDisponibilite": 0,
          "iIdElementPresentationPrincipale": 293505,
          "fProduitSubstitution": false,
          "sTexteEcoParticipationPrix": "",
          "fAppartientAUneListe": false,
          "sMsgHeaderPopinAuthen": "Vous devez être identifié(e) pour ajouter le produit à vos listes.",
          "fAfficherTexteProduitIndispo": false,
          "sTexteProduitIndispo": "",
          "sTexteProduitIndispoCarte": "",
          "fGainsBRD": false,
          "eTypeProduit": 1,
          "sUrlPageProduit": "https://fd7-courses.leclercdrive.fr/magasin-079111-Massy-Palaiseau/fiche-produits-179431-Brioche-Pitch.aspx",
          "iQteMinPanier": 0,
          "iQteMaxPanier": 1000,
          "sUrlLogoDemandeVocale": "/_res/release/_img/ascWCRS414_PanierBot/picto-commande-vocale.svg?v=638163832640000000",
          "fEstDansDemandeVocale": false,
          "fEstProduitCategorieCommerciale": false,
          "lstMentionsProduit": [],
          "objAvisClient": {
            "IdProduit": 179431,
            "IdProduitBZV": 118107,
            "Addon": "AUCUN",
            "Note": {
              "Valeur": 4.0,
              "IdPicto": 161
            },
            "NbAvis": 4
          },
          "sIdUnique": "Produit179431"
        },
        "lstEnfants": []
      },
      {
        "objElement": {
          "sNoPointLivraison": "079111",
          "iIdProduit": 179443,
          "iIdRayon": 284321,
          "iIdFamille": 284362,
          "niIdSousFamille": 294673,
          "sType": "Produit",
          "sId": "179443",
          "niIdPhotoEnLigne": 2454109,
          "eIncitationLot": 0,
          "sIdUniqueRayon": "Rayon284321",
          "iIdElementPresentation": 293505,
          "sLibelleLigne1": "Brioches Pitch",
          "sLibelleLigne2": "Crousti x8 - 300g",
          "iQteDisponible": 0,
          "sPrixUnitaire": "2,90 €",
          "fAfficherPrixUnitaire": true,
          "nrPVBRIIDeduit": 2.90,
          "sPrixPromo": "2,90 €",
          "sPrixParUniteDeMesure": "9,67 € / kg",
          "fAfficherPrixParUniteMesure": true,
          "nrPVMesureBRIIDeduit": 9.67,
          "sUrlVignetteProduit": "https://fd7-photos.leclercdrive.fr/image.ashx?id=2454109&use=l&cat=p&typeid=i",
          "fEstBRIIActifEtDisponible": false,
          "fBriiAffichageSticker": false,
          "fPrixAvantageux": false,
          "sUrlLogoBrii": "",
          "sUrlStickerCampagne": "",
          "sTexteLogoBRII": "Promotion BRII",
          "sTexteTooltipLot": "",
          "fEstVisiblePictoPromoTEL": false,
          "sCodeLotHeterogene": "",
          "sUrlLogoTEL": "",
          "sTexteLogoTel": "Promotion TEL",
          "sLibellePictoAjouterProduit": "Ajouter au panier",
          "sLibelleUrlNaviguerRayon": "Voir le rayon",
          "iQuantitePanier": 0,
          "rTotalAPayer": 0.0,
          "sTotalAPayer": "0,00 €",
          "sOrigineZoneDepeche": "",
          "fVoirRayon": false,
          "sUrlVoirRayon": "",
          "eDisponibilite": 1,
          "iIdElementPresentationPrincipale": 293505,
          "fProduitSubstitution": false,
          "sTexteEcoParticipationPrix": "",
          "fAppartientAUneListe": false,
          "sMsgHeaderPopinAuthen": "Vous devez être identifié(e) pour ajouter le produit à vos listes.",
          "fAfficherTexteProduitIndispo": true,
          "sTexteProduitIndispo": "",
          "sTexteProduitIndispoCarte": "",
          "fGainsBRD": false,
          "eTypeProduit": 1,
          "sUrlPageProduit": "https://fd7-courses.leclercdrive.fr/magasin-079111-Massy-Palaiseau/fiche-produits-179443-Brioches-Pitch.aspx",
          "iQteMinPanier": 0,
          "iQteMaxPanier": 1000,
          "sUrlLogoDemandeVocale": "/_res/release/_img/ascWCRS414_PanierBot/picto-commande-vocale.svg?v=638163832640000000",
          "fEstDansDemandeVocale": false,
          "fEstProduitCategorieCommerciale": false,
          "lstMentionsProduit": [],
          "objAvisClient": {
            "IdProduit": 179443,
            "IdProduitBZV": 118082,
            "Addon": "AUCUN",
            "Note": {
              "Valeur": 5.0,
              "IdPicto": 163
            },
            "NbAvis": 1
          },
          "sIdUnique": "Produit179443"
        },
        "lstEnfants": []
      },
      {
        "objElement": {
          "sNoPointLivraison": "079111",
          "iIdProduit": 179433,
          "iIdRayon": 284321,
          "iIdFamille": 284362,
          "niIdSousFamille": 294673,
          "sType": "Produit",
          "sId": "179433",
          "niIdPhotoEnLigne": 2452113,
          "eIncitationLot": 0,
          "sIdUniqueRayon": "Rayon284321",
          "iIdElementPresentation": 293505,
          "sLibelleLigne1": "Brioche Pitch",
          "sLibelleLigne2": "Chocolat au lait x8 - 300g",
          "iQteDisponible": 1,
          "sPrixUnitaire": "2,28 €",
          "fAfficherPrixUnitaire": true,
          "nrPVBRIIDeduit": 2.28,
          "sPrixPromo": "2,28 €",
          "sPrixParUniteDeMesure": "7,60 € / kg",
          "fAfficherPrixParUniteMesure": true,
          "nrPVMesureBRIIDeduit": 7.60,
          "sUrlVignetteProduit": "https://fd7-photos.leclercdrive.fr/image.ashx?id=2452113&use=l&cat=p&typeid=i",
          "fEstBRIIActifEtDisponible": false,
          "fBriiAffichageSticker": false,
          "fPrixAvantageux": false,
          "sUrlLogoBrii": "",
          "sUrlStickerCampagne": "",
          "sTexteLogoBRII": "Promotion BRII",
          "sTexteTooltipLot": "",
          "fEstVisiblePictoPromoTEL": false,
          "sCodeLotHeterogene": "",
          "sUrlLogoTEL": "",
          "sTexteLogoTel": "Promotion TEL",
          "sLibellePictoAjouterProduit": "Ajouter au panier",
          "sLibelleUrlNaviguerRayon": "Voir le rayon",
          "iQuantitePanier": 0,
          "rTotalAPayer": 0.0,
          "sTotalAPayer": "0,00 €",
          "sOrigineZoneDepeche": "",
          "fVoirRayon": false,
          "sUrlVoirRayon": "",
          "eDisponibilite": 0,
          "iIdElementPresentationPrincipale": 293505,
          "fProduitSubstitution": false,
          "sTexteEcoParticipationPrix": "",
          "fAppartientAUneListe": false,
          "sMsgHeaderPopinAuthen": "Vous devez être identifié(e) pour ajouter le produit à vos listes.",
          "fAfficherTexteProduitIndispo": false,
          "sTexteProduitIndispo": "",
          "sTexteProduitIndispoCarte": "",
          "fGainsBRD": false,
          "eTypeProduit": 1,
          "sUrlPageProduit": "https://fd7-courses.leclercdrive.fr/magasin-079111-Massy-Palaiseau/fiche-produits-179433-Brioche-Pitch.aspx",
          "iQteMinPanier": 0,
          "iQteMaxPanier": 1000,
          "sUrlLogoDemandeVocale": "/_res/release/_img/ascWCRS414_PanierBot/picto-commande-vocale.svg?v=638163832640000000",
          "fEstDansDemandeVocale": false,
          "fEstProduitCategorieCommerciale": false,
          "lstMentionsProduit": [],
          "objAvisClient": {
            "IdProduit": 179433,
            "IdProduitBZV": 118142,
            "Addon": "AUCUN"
          },
          "sIdUnique": "Produit179433"
        },
        "lstEnfants": []
      },
      {
        "objElement": {
          "sNoPointLivraison": "079111",
          "iIdProduit": 179440,
          "iIdRayon": 284321,
          "iIdFamille": 284362,
          "niIdSousFamille": 294673,
          "sType": "Produit",
          "sId": "179440",
          "niIdPhotoEnLigne": 2454115,
          "eIncitationLot": 0,
          "sIdUniqueRayon": "Rayon284321",
          "iIdElementPresentation": 293505,
          "sLibelleLigne1": "Brioches Pitch ",
          "sLibelleLigne2": "Choco barre lait x8 - 300g",
          "iQteDisponible": 4,
          "sPrixUnitaire": "2,73 €",
          "fAfficherPrixUnitaire": true,
          "nrPVBRIIDeduit": 2.73,
          "sPrixPromo": "2,73 €",
          "sPrixParUniteDeMesure": "9,10 € / kg",
          "fAfficherPrixParUniteMesure": true,
          "nrPVMesureBRIIDeduit": 9.10,
          "sUrlVignetteProduit": "https://fd7-photos.leclercdrive.fr/image.ashx?id=2454115&use=l&cat=p&typeid=i",
          "fEstBRIIActifEtDisponible": false,
          "fBriiAffichageSticker": false,
          "fPrixAvantageux": false,
          "sUrlLogoBrii": "",
          "sUrlStickerCampagne": "",
          "sTexteLogoBRII": "Promotion BRII",
          "sTexteTooltipLot": "",
          "fEstVisiblePictoPromoTEL": false,
          "sCodeLotHeterogene": "",
          "sUrlLogoTEL": "",
          "sTexteLogoTel": "Promotion TEL",
          "sLibellePictoAjouterProduit": "Ajouter au panier",
          "sLibelleUrlNaviguerRayon": "Voir le rayon",
          "iQuantitePanier": 0,
          "rTotalAPayer": 0.0,
          "sTotalAPayer": "0,00 €",
          "sOrigineZoneDepeche": "",
          "fVoirRayon": false,
          "sUrlVoirRayon": "",
          "eDisponibilite": 0,
          "iIdElementPresentationPrincipale": 293505,
          "fProduitSubstitution": false,
          "sTexteEcoParticipationPrix": "",
          "fAppartientAUneListe": false,
          "sMsgHeaderPopinAuthen": "Vous devez être identifié(e) pour ajouter le produit à vos listes.",
          "fAfficherTexteProduitIndispo": false,
          "sTexteProduitIndispo": "",
          "sTexteProduitIndispoCarte": "",
          "fGainsBRD": false,
          "eTypeProduit": 1,
          "sUrlPageProduit": "https://fd7-courses.leclercdrive.fr/magasin-079111-Massy-Palaiseau/fiche-produits-179440-Brioches-Pitch-.aspx",
          "iQteMinPanier": 0,
          "iQteMaxPanier": 1000,
          "sUrlLogoDemandeVocale": "/_res/release/_img/ascWCRS414_PanierBot/picto-commande-vocale.svg?v=638163832640000000",
          "fEstDansDemandeVocale": false,
          "fEstProduitCategorieCommerciale": false,
          "lstMentionsProduit": [],
          "objAvisClient": {
            "IdProduit": 179440,
            "IdProduitBZV": 118076,
            "Addon": "AUCUN"
          },
          "sIdUnique": "Produit179440"
        },
        "lstEnfants": []
      },
      {
        "objElement": {
          "sNoPointLivraison": "079111",
          "iIdProduit": 179432,
          "iIdRayon": 284321,
          "iIdFamille": 284362,
          "niIdSousFamille": 294673,
          "sType": "Produit",
          "sId": "179432",
          "niIdPhotoEnLigne": 2452116,
          "eIncitationLot": 0,
          "sIdUniqueRayon": "Rayon284321",
          "iIdElementPresentation": 293505,
          "sLibelleLigne1": "Brioches Pitch",
          "sLibelleLigne2": "Fraise x8 - 300g",
          "iQteDisponible": 0,
          "sPrixUnitaire": "2,26 €",
          "fAfficherPrixUnitaire": true,
          "nrPVBRIIDeduit": 2.26,
          "sPrixPromo": "2,26 €",
          "sPrixParUniteDeMesure": "7,53 € / kg",
          "fAfficherPrixParUniteMesure": true,
          "nrPVMesureBRIIDeduit": 7.53,
          "sUrlVignetteProduit": "https://fd7-photos.leclercdrive.fr/image.ashx?id=2452116&use=l&cat=p&typeid=i",
          "fEstBRIIActifEtDisponible": false,
          "fBriiAffichageSticker": false,
          "fPrixAvantageux": false,
          "sUrlLogoBrii": "",
          "sUrlStickerCampagne": "",
          "sTexteLogoBRII": "Promotion BRII",
          "sTexteTooltipLot": "",
          "fEstVisiblePictoPromoTEL": false,
          "sCodeLotHeterogene": "",
          "sUrlLogoTEL": "",
          "sTexteLogoTel": "Promotion TEL",
          "sLibellePictoAjouterProduit": "Ajouter au panier",
          "sLibelleUrlNaviguerRayon": "Voir le rayon",
          "iQuantitePanier": 0,
          "rTotalAPayer": 0.0,
          "sTotalAPayer": "0,00 €",
          "sOrigineZoneDepeche": "",
          "fVoirRayon": false,
          "sUrlVoirRayon": "",
          "eDisponibilite": 1,
          "iIdElementPresentationPrincipale": 293505,
          "fProduitSubstitution": false,
          "sTexteEcoParticipationPrix": "",
          "fAppartientAUneListe": false,
          "sMsgHeaderPopinAuthen": "Vous devez être identifié(e) pour ajouter le produit à vos listes.",
          "fAfficherTexteProduitIndispo": true,
          "sTexteProduitIndispo": "",
          "sTexteProduitIndispoCarte": "",
          "fGainsBRD": false,
          "eTypeProduit": 1,
          "sUrlPageProduit": "https://fd7-courses.leclercdrive.fr/magasin-079111-Massy-Palaiseau/fiche-produits-179432-Brioches-Pitch.aspx",
          "iQteMinPanier": 0,
          "iQteMaxPanier": 1000,
          "sUrlLogoDemandeVocale": "/_res/release/_img/ascWCRS414_PanierBot/picto-commande-vocale.svg?v=638163832640000000",
          "fEstDansDemandeVocale": false,
          "fEstProduitCategorieCommerciale": false,
          "lstMentionsProduit": [],
          "objAvisClient": {
            "IdProduit": 179432,
            "IdProduitBZV": 118054,
            "Addon": "AUCUN",
            "Note": {
              "Valeur": 5.0,
              "IdPicto": 163
            },
            "NbAvis": 1
          },
          "sIdUnique": "Produit179432"
        },
        "lstEnfants": []
      },
      {
        "objElement": {
          "sNoPointLivraison": "079111",
          "iIdProduit": 180196,
          "iIdRayon": 284321,
          "iIdFamille": 284362,
          "niIdSousFamille": 294673,
          "sType": "Produit",
          "sId": "180196",
          "niIdPhotoEnLigne": 2454100,
          "eIncitationLot": 0,
          "sIdUniqueRayon": "Rayon284321",
          "iIdElementPresentation": 293505,
          "sLibelleLigne1": "Brioches Pitch ",
          "sLibelleLigne2": "Pomme poire - x8 - 300g",
          "iQteDisponible": 13,
          "sPrixUnitaire": "2,70 €",
          "fAfficherPrixUnitaire": true,
          "nrPVBRIIDeduit": 2.70,
          "sPrixPromo": "2,70 €",
          "sPrixParUniteDeMesure": "9,00 € / kg",
          "fAfficherPrixParUniteMesure": true,
          "nrPVMesureBRIIDeduit": 9.00,
          "sUrlVignetteProduit": "https://fd7-photos.leclercdrive.fr/image.ashx?id=2454100&use=l&cat=p&typeid=i",
          "fEstBRIIActifEtDisponible": false,
          "fBriiAffichageSticker": false,
          "fPrixAvantageux": false,
          "sUrlLogoBrii": "",
          "sUrlStickerCampagne": "",
          "sTexteLogoBRII": "Promotion BRII",
          "sTexteTooltipLot": "",
          "fEstVisiblePictoPromoTEL": false,
          "sCodeLotHeterogene": "",
          "sUrlLogoTEL": "",
          "sTexteLogoTel": "Promotion TEL",
          "sLibellePictoAjouterProduit": "Ajouter au panier",
          "sLibelleUrlNaviguerRayon": "Voir le rayon",
          "iQuantitePanier": 0,
          "rTotalAPayer": 0.0,
          "sTotalAPayer": "0,00 €",
          "sOrigineZoneDepeche": "",
          "fVoirRayon": false,
          "sUrlVoirRayon": "",
          "eDisponibilite": 0,
          "iIdElementPresentationPrincipale": 293505,
          "fProduitSubstitution": false,
          "sTexteEcoParticipationPrix": "",
          "fAppartientAUneListe": false,
          "sMsgHeaderPopinAuthen": "Vous devez être identifié(e) pour ajouter le produit à vos listes.",
          "fAfficherTexteProduitIndispo": false,
          "sTexteProduitIndispo": "",
          "sTexteProduitIndispoCarte": "",
          "fGainsBRD": false,
          "eTypeProduit": 1,
          "sUrlPageProduit": "https://fd7-courses.leclercdrive.fr/magasin-079111-Massy-Palaiseau/fiche-produits-180196-Brioches-Pitch-.aspx",
          "iQteMinPanier": 0,
          "iQteMaxPanier": 1000,
          "sUrlLogoDemandeVocale": "/_res/release/_img/ascWCRS414_PanierBot/picto-commande-vocale.svg?v=638163832640000000",
          "fEstDansDemandeVocale": false,
          "fEstProduitCategorieCommerciale": false,
          "lstMentionsProduit": [],
          "objAvisClient": {
            "IdProduit": 180196,
            "IdProduitBZV": 118618,
            "Addon": "AUCUN",
            "Note": {
              "Valeur": 4.0,
              "IdPicto": 161
            },
            "NbAvis": 1
          },
          "sIdUnique": "Produit180196"
        },
        "lstEnfants": []
      },
      {
        "objElement": {
          "sNoPointLivraison": "079111",
          "iIdProduit": 104114,
          "iIdRayon": 284321,
          "iIdFamille": 284362,
          "niIdSousFamille": 294673,
          "sType": "Produit",
          "sId": "104114",
          "niIdPhotoEnLigne": 2503004,
          "eIncitationLot": 0,
          "sIdUniqueRayon": "Rayon284321",
          "iIdElementPresentation": 293505,
          "sLibelleLigne1": "Brioche Doowap sans additif",
          "sLibelleLigne2": "P&#233;pites Choco lait - x8 - 320g",
          "iQteDisponible": 0,
          "sPrixUnitaire": "2,50 €",
          "fAfficherPrixUnitaire": false,
          "nrPVBRIIDeduit": 2.50,
          "sPrixPromo": "2,50 €",
          "sPrixParUniteDeMesure": "7,81 € / kg",
          "fAfficherPrixParUniteMesure": false,
          "nrPVMesureBRIIDeduit": 7.81,
          "sUrlVignetteProduit": "https://fd7-photos.leclercdrive.fr/image.ashx?id=2503004&use=l&cat=p&typeid=i",
          "fEstBRIIActifEtDisponible": false,
          "fBriiAffichageSticker": false,
          "fPrixAvantageux": false,
          "sUrlLogoBrii": "",
          "sUrlStickerCampagne": "",
          "sTexteLogoBRII": "Promotion BRII",
          "sTexteTooltipLot": "",
          "fEstVisiblePictoPromoTEL": false,
          "sCodeLotHeterogene": "",
          "sUrlLogoTEL": "",
          "sTexteLogoTel": "Promotion TEL",
          "sLibellePictoAjouterProduit": "Ajouter au panier",
          "sLibelleUrlNaviguerRayon": "Voir le rayon",
          "iQuantitePanier": 0,
          "rTotalAPayer": 0.0,
          "sTotalAPayer": "0,00 €",
          "sOrigineZoneDepeche": "",
          "fVoirRayon": false,
          "sUrlVoirRayon": "",
          "eDisponibilite": 1,
          "iIdElementPresentationPrincipale": 293505,
          "fProduitSubstitution": true,
          "sTexteEcoParticipationPrix": "",
          "fAppartientAUneListe": false,
          "sMsgHeaderPopinAuthen": "Vous devez être identifié(e) pour ajouter le produit à vos listes.",
          "fAfficherTexteProduitIndispo": true,
          "sTexteProduitIndispo": "",
          "sTexteProduitIndispoCarte": "",
          "fGainsBRD": false,
          "eTypeProduit": 1,
          "sUrlPageProduit": "https://fd7-courses.leclercdrive.fr/magasin-079111-Massy-Palaiseau/fiche-produits-104114-Brioche-Doowap-sans-additif.aspx",
          "iQteMinPanier": 0,
          "iQteMaxPanier": 1000,
          "sUrlLogoDemandeVocale": "/_res/release/_img/ascWCRS414_PanierBot/picto-commande-vocale.svg?v=638163832640000000",
          "fEstDansDemandeVocale": false,
          "fEstProduitCategorieCommerciale": false,
          "lstMentionsProduit": [],
          "objAvisClient": {
            "IdProduit": 104114,
            "IdProduitBZV": 6767,
            "Addon": "AUCUN",
            "Note": {
              "Valeur": 5.0,
              "IdPicto": 163
            },
            "NbAvis": 1
          },
          "sIdUnique": "Produit104114"
        },
        "lstEnfants": []
      },
      {
        "objElement": {
          "sNoPointLivraison": "079111",
          "iIdProduit": 104115,
          "iIdRayon": 284321,
          "iIdFamille": 284362,
          "niIdSousFamille": 294673,
          "sType": "Produit",
          "sId": "104115",
          "niIdPhotoEnLigne": 2503007,
          "eIncitationLot": 0,
          "sIdUniqueRayon": "Rayon284321",
          "iIdElementPresentation": 293505,
          "sLibelleLigne1": "Brioche Doowap sans additif",
          "sLibelleLigne2": "P&#233;pites Choco lait - x12 - 480g",
          "iQteDisponible": 7,
          "sPrixUnitaire": "3,44 €",
          "fAfficherPrixUnitaire": true,
          "nrPVBRIIDeduit": 3.44,
          "sPrixPromo": "3,44 €",
          "sPrixParUniteDeMesure": "7,17 € / kg",
          "fAfficherPrixParUniteMesure": true,
          "nrPVMesureBRIIDeduit": 7.17,
          "sUrlVignetteProduit": "https://fd7-photos.leclercdrive.fr/image.ashx?id=2503007&use=l&cat=p&typeid=i",
          "fEstBRIIActifEtDisponible": false,
          "fBriiAffichageSticker": false,
          "fPrixAvantageux": false,
          "sUrlLogoBrii": "",
          "sUrlStickerCampagne": "",
          "sTexteLogoBRII": "Promotion BRII",
          "sTexteTooltipLot": "",
          "fEstVisiblePictoPromoTEL": false,
          "sCodeLotHeterogene": "",
          "sUrlLogoTEL": "",
          "sTexteLogoTel": "Promotion TEL",
          "sLibellePictoAjouterProduit": "Ajouter au panier",
          "sLibelleUrlNaviguerRayon": "Voir le rayon",
          "iQuantitePanier": 0,
          "rTotalAPayer": 0.0,
          "sTotalAPayer": "0,00 €",
          "sOrigineZoneDepeche": "",
          "fVoirRayon": false,
          "sUrlVoirRayon": "",
          "eDisponibilite": 0,
          "iIdElementPresentationPrincipale": 293505,
          "fProduitSubstitution": false,
          "sTexteEcoParticipationPrix": "",
          "fAppartientAUneListe": false,
          "sMsgHeaderPopinAuthen": "Vous devez être identifié(e) pour ajouter le produit à vos listes.",
          "fAfficherTexteProduitIndispo": false,
          "sTexteProduitIndispo": "",
          "sTexteProduitIndispoCarte": "",
          "fGainsBRD": false,
          "eTypeProduit": 1,
          "sUrlPageProduit": "https://fd7-courses.leclercdrive.fr/magasin-079111-Massy-Palaiseau/fiche-produits-104115-Brioche-Doowap-sans-additif.aspx",
          "iQteMinPanier": 0,
          "iQteMaxPanier": 1000,
          "sUrlLogoDemandeVocale": "/_res/release/_img/ascWCRS414_PanierBot/picto-commande-vocale.svg?v=638163832640000000",
          "fEstDansDemandeVocale": false,
          "fEstProduitCategorieCommerciale": false,
          "lstMentionsProduit": [],
          "objAvisClient": {
            "IdProduit": 104115,
            "IdProduitBZV": 281,
            "Addon": "AUCUN",
            "Note": {
              "Valeur": 4.5,
              "IdPicto": 162
            },
            "NbAvis": 2
          },
          "sIdUnique": "Produit104115"
        },
        "lstEnfants": []
      },
      {
        "objElement": {
          "sNoPointLivraison": "079111",
          "iIdProduit": 104113,
          "iIdRayon": 284321,
          "iIdFamille": 284362,
          "niIdSousFamille": 294673,
          "sType": "Produit",
          "sId": "104113",
          "niIdPhotoEnLigne": 2503001,
          "eIncitationLot": 0,
          "sIdUniqueRayon": "Rayon284321",
          "iIdElementPresentation": 293505,
          "sLibelleLigne1": "Brioche Doowap sans additif",
          "sLibelleLigne2": "P&#233;pites chocolat - x12 480g",
          "iQteDisponible": 0,
          "sPrixUnitaire": "3,50 €",
          "fAfficherPrixUnitaire": false,
          "nrPVBRIIDeduit": 3.50,
          "sPrixPromo": "3,50 €",
          "sPrixParUniteDeMesure": "7,29 € / kg",
          "fAfficherPrixParUniteMesure": false,
          "nrPVMesureBRIIDeduit": 7.29,
          "sUrlVignetteProduit": "https://fd7-photos.leclercdrive.fr/image.ashx?id=2503001&use=l&cat=p&typeid=i",
          "fEstBRIIActifEtDisponible": false,
          "fBriiAffichageSticker": false,
          "fPrixAvantageux": false,
          "sUrlLogoBrii": "",
          "sUrlStickerCampagne": "",
          "sTexteLogoBRII": "Promotion BRII",
          "sTexteTooltipLot": "",
          "fEstVisiblePictoPromoTEL": false,
          "sCodeLotHeterogene": "",
          "sUrlLogoTEL": "",
          "sTexteLogoTel": "Promotion TEL",
          "sLibellePictoAjouterProduit": "Ajouter au panier",
          "sLibelleUrlNaviguerRayon": "Voir le rayon",
          "iQuantitePanier": 0,
          "rTotalAPayer": 0.0,
          "sTotalAPayer": "0,00 €",
          "sOrigineZoneDepeche": "",
          "fVoirRayon": false,
          "sUrlVoirRayon": "",
          "eDisponibilite": 1,
          "iIdElementPresentationPrincipale": 293505,
          "fProduitSubstitution": true,
          "sTexteEcoParticipationPrix": "",
          "fAppartientAUneListe": false,
          "sMsgHeaderPopinAuthen": "Vous devez être identifié(e) pour ajouter le produit à vos listes.",
          "fAfficherTexteProduitIndispo": true,
          "sTexteProduitIndispo": "",
          "sTexteProduitIndispoCarte": "",
          "fGainsBRD": false,
          "eTypeProduit": 1,
          "sUrlPageProduit": "https://fd7-courses.leclercdrive.fr/magasin-079111-Massy-Palaiseau/fiche-produits-104113-Brioche-Doowap-sans-additif.aspx",
          "iQteMinPanier": 0,
          "iQteMaxPanier": 1000,
          "sUrlLogoDemandeVocale": "/_res/release/_img/ascWCRS414_PanierBot/picto-commande-vocale.svg?v=638163832640000000",
          "fEstDansDemandeVocale": false,
          "fEstProduitCategorieCommerciale": false,
          "lstMentionsProduit": [],
          "objAvisClient": {
            "IdProduit": 104113,
            "IdProduitBZV": 15230,
            "Addon": "AUCUN",
            "Note": {
              "Valeur": 3.5,
              "IdPicto": 160
            },
            "NbAvis": 3
          },
          "sIdUnique": "Produit104113"
        },
        "lstEnfants": []
      },
      {
        "objElement": {
          "sNoPointLivraison": "079111",
          "iIdProduit": 123491,
          "iIdRayon": 284321,
          "iIdFamille": 284362,
          "niIdSousFamille": 294673,
          "sType": "Produit",
          "sId": "123491",
          "niIdPhotoEnLigne": 2508039,
          "eIncitationLot": 0,
          "sIdUniqueRayon": "Rayon284321",
          "iIdElementPresentation": 293505,
          "sLibelleLigne1": "Cr&#234;pe fourr&#233;e Whaou",
          "sLibelleLigne2": "Chocolat - x8 - 256g",
          "iQteDisponible": 0,
          "sPrixUnitaire": "2,20 €",
          "fAfficherPrixUnitaire": true,
          "nrPVBRIIDeduit": 2.20,
          "sPrixPromo": "2,20 €",
          "sPrixParUniteDeMesure": "8,59 € / kg",
          "fAfficherPrixParUniteMesure": true,
          "nrPVMesureBRIIDeduit": 8.59,
          "sUrlVignetteProduit": "https://fd7-photos.leclercdrive.fr/image.ashx?id=2508039&use=l&cat=p&typeid=i",
          "fEstBRIIActifEtDisponible": false,
          "fBriiAffichageSticker": false,
          "fPrixAvantageux": false,
          "sUrlLogoBrii": "",
          "sUrlStickerCampagne": "",
          "sTexteLogoBRII": "Promotion BRII",
          "sTexteTooltipLot": "",
          "fEstVisiblePictoPromoTEL": false,
          "sCodeLotHeterogene": "",
          "sUrlLogoTEL": "",
          "sTexteLogoTel": "Promotion TEL",
          "sLibellePictoAjouterProduit": "Ajouter au panier",
          "sLibelleUrlNaviguerRayon": "Voir le rayon",
          "iQuantitePanier": 0,
          "rTotalAPayer": 0.0,
          "sTotalAPayer": "0,00 €",
          "sOrigineZoneDepeche": "",
          "fVoirRayon": false,
          "sUrlVoirRayon": "",
          "eDisponibilite": 1,
          "iIdElementPresentationPrincipale": 293505,
          "fProduitSubstitution": false,
          "sTexteEcoParticipationPrix": "",
          "fAppartientAUneListe": false,
          "sMsgHeaderPopinAuthen": "Vous devez être identifié(e) pour ajouter le produit à vos listes.",
          "fAfficherTexteProduitIndispo": true,
          "sTexteProduitIndispo": "",
          "sTexteProduitIndispoCarte": "",
          "fGainsBRD": false,
          "eTypeProduit": 1,
          "sUrlPageProduit": "https://fd7-courses.leclercdrive.fr/magasin-079111-Massy-Palaiseau/fiche-produits-123491-Crepe-fourree-Whaou.aspx",
          "iQteMinPanier": 0,
          "iQteMaxPanier": 1000,
          "sUrlLogoDemandeVocale": "/_res/release/_img/ascWCRS414_PanierBot/picto-commande-vocale.svg?v=638163832640000000",
          "fEstDansDemandeVocale": false,
          "fEstProduitCategorieCommerciale": false,
          "lstMentionsProduit": [],
          "objAvisClient": {
            "IdProduit": 123491,
            "IdProduitBZV": 34250,
            "Addon": "AUCUN",
            "Note": {
              "Valeur": 4.0,
              "IdPicto": 161
            },
            "NbAvis": 2
          },
          "sIdUnique": "Produit123491"
        },
        "lstEnfants": []
      },
      {
        "objElement": {
          "sNoPointLivraison": "079111",
          "iIdProduit": 123492,
          "iIdRayon": 284321,
          "iIdFamille": 284362,
          "niIdSousFamille": 294673,
          "sType": "Produit",
          "sId": "123492",
          "niIdPhotoEnLigne": 2149959,
          "eIncitationLot": 0,
          "sIdUniqueRayon": "Rayon284321",
          "iIdElementPresentation": 293505,
          "sLibelleLigne1": "Cr&#234;pes Whaou! Chocolat",
          "sLibelleLigne2": "x15 - 480g",
          "iQteDisponible": 1,
          "sPrixUnitaire": "3,85 €",
          "fAfficherPrixUnitaire": true,
          "nrPVBRIIDeduit": 3.85,
          "sPrixPromo": "3,85 €",
          "sPrixParUniteDeMesure": "8,02 € / kg",
          "fAfficherPrixParUniteMesure": true,
          "nrPVMesureBRIIDeduit": 8.02,
          "sUrlVignetteProduit": "https://fd7-photos.leclercdrive.fr/image.ashx?id=2149959&use=l&cat=p&typeid=i",
          "fEstBRIIActifEtDisponible": false,
          "fBriiAffichageSticker": false,
          "fPrixAvantageux": false,
          "sUrlLogoBrii": "",
          "sUrlStickerCampagne": "",
          "sTexteLogoBRII": "Promotion BRII",
          "sTexteTooltipLot": "",
          "fEstVisiblePictoPromoTEL": false,
          "sCodeLotHeterogene": "",
          "sUrlLogoTEL": "",
          "sTexteLogoTel": "Promotion TEL",
          "sLibellePictoAjouterProduit": "Ajouter au panier",
          "sLibelleUrlNaviguerRayon": "Voir le rayon",
          "iQuantitePanier": 0,
          "rTotalAPayer": 0.0,
          "sTotalAPayer": "0,00 €",
          "sOrigineZoneDepeche": "",
          "fVoirRayon": false,
          "sUrlVoirRayon": "",
          "eDisponibilite": 0,
          "iIdElementPresentationPrincipale": 293505,
          "fProduitSubstitution": false,
          "sTexteEcoParticipationPrix": "",
          "fAppartientAUneListe": false,
          "sMsgHeaderPopinAuthen": "Vous devez être identifié(e) pour ajouter le produit à vos listes.",
          "fAfficherTexteProduitIndispo": false,
          "sTexteProduitIndispo": "",
          "sTexteProduitIndispoCarte": "",
          "fGainsBRD": false,
          "eTypeProduit": 1,
          "sUrlPageProduit": "https://fd7-courses.leclercdrive.fr/magasin-079111-Massy-Palaiseau/fiche-produits-123492-Crepes-Whaou-Chocolat.aspx",
          "iQteMinPanier": 0,
          "iQteMaxPanier": 1000,
          "sUrlLogoDemandeVocale": "/_res/release/_img/ascWCRS414_PanierBot/picto-commande-vocale.svg?v=638163832640000000",
          "fEstDansDemandeVocale": false,
          "fEstProduitCategorieCommerciale": false,
          "lstMentionsProduit": [],
          "objAvisClient": {
            "IdProduit": 123492,
            "IdProduitBZV": 34251,
            "Addon": "AUCUN",
            "Note": {
              "Valeur": 4.5,
              "IdPicto": 162
            },
            "NbAvis": 2
          },
          "sIdUnique": "Produit123492"
        },
        "lstEnfants": []
      },
      {
        "objElement": {
          "sNoPointLivraison": "079111",
          "iIdProduit": 47592,
          "iIdRayon": 284321,
          "iIdFamille": 284362,
          "niIdSousFamille": 294673,
          "sType": "Produit",
          "sId": "47592",
          "niIdPhotoEnLigne": 2508036,
          "eIncitationLot": 0,
          "sIdUniqueRayon": "Rayon284321",
          "iIdElementPresentation": 293505,
          "sLibelleLigne1": "Cr&#234;pe fourr&#233;e Whaou",
          "sLibelleLigne2": "Cracky choco x8 - 256g",
          "iQteDisponible": 11,
          "sPrixUnitaire": "2,20 €",
          "fAfficherPrixUnitaire": true,
          "nrPVBRIIDeduit": 2.20,
          "sPrixPromo": "2,20 €",
          "sPrixParUniteDeMesure": "8,59 € / kg",
          "fAfficherPrixParUniteMesure": true,
          "nrPVMesureBRIIDeduit": 8.59,
          "sUrlVignetteProduit": "https://fd7-photos.leclercdrive.fr/image.ashx?id=2508036&use=l&cat=p&typeid=i",
          "fEstBRIIActifEtDisponible": false,
          "fBriiAffichageSticker": false,
          "fPrixAvantageux": false,
          "sUrlLogoBrii": "",
          "sUrlStickerCampagne": "",
          "sTexteLogoBRII": "Promotion BRII",
          "sTexteTooltipLot": "",
          "fEstVisiblePictoPromoTEL": false,
          "sCodeLotHeterogene": "",
          "sUrlLogoTEL": "",
          "sTexteLogoTel": "Promotion TEL",
          "sLibellePictoAjouterProduit": "Ajouter au panier",
          "sLibelleUrlNaviguerRayon": "Voir le rayon",
          "iQuantitePanier": 0,
          "rTotalAPayer": 0.0,
          "sTotalAPayer": "0,00 €",
          "sOrigineZoneDepeche": "",
          "fVoirRayon": false,
          "sUrlVoirRayon": "",
          "eDisponibilite": 0,
          "iIdElementPresentationPrincipale": 293505,
          "fProduitSubstitution": false,
          "sTexteEcoParticipationPrix": "",
          "fAppartientAUneListe": false,
          "sMsgHeaderPopinAuthen": "Vous devez être identifié(e) pour ajouter le produit à vos listes.",
          "fAfficherTexteProduitIndispo": false,
          "sTexteProduitIndispo": "",
          "sTexteProduitIndispoCarte": "",
          "fGainsBRD": false,
          "eTypeProduit": 1,
          "sUrlPageProduit": "https://fd7-courses.leclercdrive.fr/magasin-079111-Massy-Palaiseau/fiche-produits-47592-Crepe-fourree-Whaou.aspx",
          "iQteMinPanier": 0,
          "iQteMaxPanier": 1000,
          "sUrlLogoDemandeVocale": "/_res/release/_img/ascWCRS414_PanierBot/picto-commande-vocale.svg?v=638163832640000000",
          "fEstDansDemandeVocale": false,
          "fEstProduitCategorieCommerciale": false,
          "lstMentionsProduit": [],
          "objAvisClient": {
            "IdProduit": 47592,
            "IdProduitBZV": 29145,
            "Addon": "AUCUN",
            "Note": {
              "Valeur": 5.0,
              "IdPicto": 163
            },
            "NbAvis": 2
          },
          "sIdUnique": "Produit47592"
        },
        "lstEnfants": []
      },
      {
        "objElement": {
          "sNoPointLivraison": "079111",
          "iIdProduit": 145556,
          "iIdRayon": 284321,
          "iIdFamille": 284362,
          "niIdSousFamille": 294673,
          "sType": "Produit",
          "sId": "145556",
          "niIdPhotoEnLigne": 2243383,
          "eIncitationLot": 0,
          "sIdUniqueRayon": "Rayon284321",
          "iIdElementPresentation": 293505,
          "sLibelleLigne1": "Cr&#234;pes Whaou",
          "sLibelleLigne2": "Chocolat cracky - x15 - 480g",
          "iQteDisponible": 2,
          "sPrixUnitaire": "3,98 €",
          "fAfficherPrixUnitaire": true,
          "nrPVBRIIDeduit": 3.98,
          "sPrixPromo": "3,98 €",
          "sPrixParUniteDeMesure": "8,29 € / kg",
          "fAfficherPrixParUniteMesure": true,
          "nrPVMesureBRIIDeduit": 8.29,
          "sUrlVignetteProduit": "https://fd7-photos.leclercdrive.fr/image.ashx?id=2243383&use=l&cat=p&typeid=i",
          "fEstBRIIActifEtDisponible": false,
          "fBriiAffichageSticker": false,
          "fPrixAvantageux": false,
          "sUrlLogoBrii": "",
          "sUrlStickerCampagne": "",
          "sTexteLogoBRII": "Promotion BRII",
          "sTexteTooltipLot": "",
          "fEstVisiblePictoPromoTEL": false,
          "sCodeLotHeterogene": "",
          "sUrlLogoTEL": "",
          "sTexteLogoTel": "Promotion TEL",
          "sLibellePictoAjouterProduit": "Ajouter au panier",
          "sLibelleUrlNaviguerRayon": "Voir le rayon",
          "iQuantitePanier": 0,
          "rTotalAPayer": 0.0,
          "sTotalAPayer": "0,00 €",
          "sOrigineZoneDepeche": "",
          "fVoirRayon": false,
          "sUrlVoirRayon": "",
          "eDisponibilite": 0,
          "iIdElementPresentationPrincipale": 293505,
          "fProduitSubstitution": false,
          "sTexteEcoParticipationPrix": "",
          "fAppartientAUneListe": false,
          "sMsgHeaderPopinAuthen": "Vous devez être identifié(e) pour ajouter le produit à vos listes.",
          "fAfficherTexteProduitIndispo": false,
          "sTexteProduitIndispo": "",
          "sTexteProduitIndispoCarte": "",
          "fGainsBRD": false,
          "eTypeProduit": 1,
          "sUrlPageProduit": "https://fd7-courses.leclercdrive.fr/magasin-079111-Massy-Palaiseau/fiche-produits-145556-Crepes-Whaou.aspx",
          "iQteMinPanier": 0,
          "iQteMaxPanier": 1000,
          "sUrlLogoDemandeVocale": "/_res/release/_img/ascWCRS414_PanierBot/picto-commande-vocale.svg?v=638163832640000000",
          "fEstDansDemandeVocale": false,
          "fEstProduitCategorieCommerciale": false,
          "lstMentionsProduit": [],
          "objAvisClient": {
            "IdProduit": 145556,
            "IdProduitBZV": 57568,
            "Addon": "AUCUN",
            "Note": {
              "Valeur": 1.0,
              "IdPicto": 155
            },
            "NbAvis": 1
          },
          "sIdUnique": "Produit145556"
        },
        "lstEnfants": []
      },
      {
        "objElement": {
          "sNoPointLivraison": "079111",
          "iIdProduit": 55786,
          "iIdRayon": 284321,
          "iIdFamille": 284362,
          "niIdSousFamille": 294673,
          "sType": "Produit",
          "sId": "55786",
          "niIdPhotoEnLigne": 2219751,
          "eIncitationLot": 0,
          "sIdUniqueRayon": "Rayon284321",
          "iIdElementPresentation": 293505,
          "sLibelleLigne1": "Cr&#234;pe fourr&#233;e Whaou",
          "sLibelleLigne2": "Chocolat / Noisette x8 - 256g",
          "iQteDisponible": 9,
          "sPrixUnitaire": "2,09 €",
          "fAfficherPrixUnitaire": true,
          "nrPVBRIIDeduit": 2.09,
          "sPrixPromo": "2,09 €",
          "sPrixParUniteDeMesure": "8,16 € / kg",
          "fAfficherPrixParUniteMesure": true,
          "nrPVMesureBRIIDeduit": 8.16,
          "sUrlVignetteProduit": "https://fd7-photos.leclercdrive.fr/image.ashx?id=2219751&use=l&cat=p&typeid=i",
          "fEstBRIIActifEtDisponible": false,
          "fBriiAffichageSticker": false,
          "fPrixAvantageux": false,
          "sUrlLogoBrii": "",
          "sUrlStickerCampagne": "",
          "sTexteLogoBRII": "Promotion BRII",
          "sTexteTooltipLot": "",
          "fEstVisiblePictoPromoTEL": false,
          "sCodeLotHeterogene": "",
          "sUrlLogoTEL": "",
          "sTexteLogoTel": "Promotion TEL",
          "sLibellePictoAjouterProduit": "Ajouter au panier",
          "sLibelleUrlNaviguerRayon": "Voir le rayon",
          "iQuantitePanier": 0,
          "rTotalAPayer": 0.0,
          "sTotalAPayer": "0,00 €",
          "sOrigineZoneDepeche": "",
          "fVoirRayon": false,
          "sUrlVoirRayon": "",
          "eDisponibilite": 0,
          "iIdElementPresentationPrincipale": 293505,
          "fProduitSubstitution": false,
          "sTexteEcoParticipationPrix": "",
          "fAppartientAUneListe": false,
          "sMsgHeaderPopinAuthen": "Vous devez être identifié(e) pour ajouter le produit à vos listes.",
          "fAfficherTexteProduitIndispo": false,
          "sTexteProduitIndispo": "",
          "sTexteProduitIndispoCarte": "",
          "fGainsBRD": false,
          "eTypeProduit": 1,
          "sUrlPageProduit": "https://fd7-courses.leclercdrive.fr/magasin-079111-Massy-Palaiseau/fiche-produits-55786-Crepe-fourree-Whaou.aspx",
          "iQteMinPanier": 0,
          "iQteMaxPanier": 1000,
          "sUrlLogoDemandeVocale": "/_res/release/_img/ascWCRS414_PanierBot/picto-commande-vocale.svg?v=638163832640000000",
          "fEstDansDemandeVocale": false,
          "fEstProduitCategorieCommerciale": false,
          "lstMentionsProduit": [],
          "objAvisClient": {
            "IdProduit": 55786,
            "IdProduitBZV": 37531,
            "Addon": "AUCUN",
            "Note": {
              "Valeur": 3.0,
              "IdPicto": 159
            },
            "NbAvis": 3
          },
          "sIdUnique": "Produit55786"
        },
        "lstEnfants": []
      },
      {
        "objElement": {
          "sNoPointLivraison": "079111",
          "iIdProduit": 6366,
          "iIdRayon": 284321,
          "iIdFamille": 284362,
          "niIdSousFamille": 285530,
          "sType": "Produit",
          "sId": "6366",
          "niIdPhotoEnLigne": 2349680,
          "eIncitationLot": 0,
          "sIdUniqueRayon": "Rayon284321",
          "iIdElementPresentation": 285530,
          "sLibelleLigne1": "Cr&#234;pes de froment de Bretagne",
          "sLibelleLigne2": "Nos R&#233;gions ont du Talent 180g",
          "iQteDisponible": 8,
          "sPrixUnitaire": "2,07 €",
          "fAfficherPrixUnitaire": true,
          "nrPVBRIIDeduit": 2.07,
          "sPrixPromo": "2,07 €",
          "sPrixParUniteDeMesure": "11,50 € / kg",
          "fAfficherPrixParUniteMesure": true,
          "nrPVMesureBRIIDeduit": 11.50,
          "sUrlVignetteProduit": "https://fd7-photos.leclercdrive.fr/image.ashx?id=2349680&use=l&cat=p&typeid=i",
          "fEstBRIIActifEtDisponible": false,
          "fBriiAffichageSticker": false,
          "fPrixAvantageux": false,
          "sUrlLogoBrii": "",
          "sUrlStickerCampagne": "",
          "sTexteLogoBRII": "Promotion BRII",
          "sTexteTooltipLot": "",
          "fEstVisiblePictoPromoTEL": true,
          "sCodeLotHeterogene": "",
          "sUrlLogoTEL": "https://fd7-photos.leclercdrive.fr/StickerPromo.ashx?type=100&val=10.00&unit=1&mindim=41&v=2",
          "sTexteLogoTel": "Promotion TEL",
          "sLibellePictoAjouterProduit": "Ajouter au panier",
          "sLibelleUrlNaviguerRayon": "Voir le rayon",
          "iQuantitePanier": 0,
          "rTotalAPayer": 0.0,
          "sTotalAPayer": "0,00 €",
          "sOrigineZoneDepeche": "",
          "fVoirRayon": false,
          "sUrlVoirRayon": "",
          "eDisponibilite": 0,
          "iIdElementPresentationPrincipale": 285530,
          "fProduitSubstitution": false,
          "sTexteEcoParticipationPrix": "",
          "fAppartientAUneListe": false,
          "sMsgHeaderPopinAuthen": "Vous devez être identifié(e) pour ajouter le produit à vos listes.",
          "fAfficherTexteProduitIndispo": false,
          "sTexteProduitIndispo": "",
          "sTexteProduitIndispoCarte": "",
          "fGainsBRD": false,
          "eTypeProduit": 1,
          "sUrlPageProduit": "https://fd7-courses.leclercdrive.fr/magasin-079111-Massy-Palaiseau/fiche-produits-6366-Crepes-de-froment-de-Bretagne.aspx",
          "iQteMinPanier": 0,
          "iQteMaxPanier": 1000,
          "sUrlLogoDemandeVocale": "/_res/release/_img/ascWCRS414_PanierBot/picto-commande-vocale.svg?v=638163832640000000",
          "fEstDansDemandeVocale": false,
          "fEstProduitCategorieCommerciale": false,
          "lstMentionsProduit": [],
          "objAvisClient": {
            "IdProduit": 6366,
            "IdProduitBZV": 65743,
            "Addon": "01",
            "Note": {
              "Valeur": 3.0,
              "IdPicto": 159
            },
            "NbAvis": 10
          },
          "sIdUnique": "Produit6366"
        },
        "lstEnfants": []
      },
      {
        "objElement": {
          "sNoPointLivraison": "079111",
          "iIdProduit": 6365,
          "iIdRayon": 284321,
          "iIdFamille": 284362,
          "niIdSousFamille": 285530,
          "sType": "Produit",
          "sId": "6365",
          "niIdPhotoEnLigne": 2353994,
          "eIncitationLot": 0,
          "sIdUniqueRayon": "Rayon284321",
          "iIdElementPresentation": 285530,
          "sLibelleLigne1": "Galettes sarrasin de Bretagne",
          "sLibelleLigne2": "Nos R&#233;gions ont du Talent 230g",
          "iQteDisponible": 0,
          "sPrixUnitaire": "1,79 €",
          "fAfficherPrixUnitaire": true,
          "nrPVBRIIDeduit": 1.79,
          "sPrixPromo": "1,79 €",
          "sPrixParUniteDeMesure": "7,78 € / kg",
          "fAfficherPrixParUniteMesure": true,
          "nrPVMesureBRIIDeduit": 7.78,
          "sUrlVignetteProduit": "https://fd7-photos.leclercdrive.fr/image.ashx?id=2353994&use=l&cat=p&typeid=i",
          "fEstBRIIActifEtDisponible": false,
          "fBriiAffichageSticker": false,
          "fPrixAvantageux": false,
          "sUrlLogoBrii": "",
          "sUrlStickerCampagne": "",
          "sTexteLogoBRII": "Promotion BRII",
          "sTexteTooltipLot": "",
          "fEstVisiblePictoPromoTEL": true,
          "sCodeLotHeterogene": "",
          "sUrlLogoTEL": "https://fd7-photos.leclercdrive.fr/StickerPromo.ashx?type=100&val=10.00&unit=1&mindim=41&v=2",
          "sTexteLogoTel": "Promotion TEL",
          "sLibellePictoAjouterProduit": "Ajouter au panier",
          "sLibelleUrlNaviguerRayon": "Voir le rayon",
          "iQuantitePanier": 0,
          "rTotalAPayer": 0.0,
          "sTotalAPayer": "0,00 €",
          "sOrigineZoneDepeche": "",
          "fVoirRayon": false,
          "sUrlVoirRayon": "",
          "eDisponibilite": 1,
          "iIdElementPresentationPrincipale": 285530,
          "fProduitSubstitution": false,
          "sTexteEcoParticipationPrix": "",
          "fAppartientAUneListe": false,
          "sMsgHeaderPopinAuthen": "Vous devez être identifié(e) pour ajouter le produit à vos listes.",
          "fAfficherTexteProduitIndispo": true,
          "sTexteProduitIndispo": "",
          "sTexteProduitIndispoCarte": "",
          "fGainsBRD": false,
          "eTypeProduit": 1,
          "sUrlPageProduit": "https://fd7-courses.leclercdrive.fr/magasin-079111-Massy-Palaiseau/fiche-produits-6365-Galettes-sarrasin-de-Bretagne.aspx",
          "iQteMinPanier": 0,
          "iQteMaxPanier": 1000,
          "sUrlLogoDemandeVocale": "/_res/release/_img/ascWCRS414_PanierBot/picto-commande-vocale.svg?v=638163832640000000",
          "fEstDansDemandeVocale": false,
          "fEstProduitCategorieCommerciale": false,
          "lstMentionsProduit": [],
          "objAvisClient": {
            "IdProduit": 6365,
            "IdProduitBZV": 31591,
            "Addon": "01",
            "Note": {
              "Valeur": 4.5,
              "IdPicto": 162
            },
            "NbAvis": 11
          },
          "sIdUnique": "Produit6365"
        },
        "lstEnfants": []
      },
      {
        "objElement": {
          "sNoPointLivraison": "079111",
          "iIdProduit": 29764,
          "iIdRayon": 284321,
          "iIdFamille": 284362,
          "niIdSousFamille": 285530,
          "sType": "Produit",
          "sId": "29764",
          "niIdPhotoEnLigne": 2114427,
          "eIncitationLot": 0,
          "sIdUniqueRayon": "Rayon284321",
          "iIdElementPresentation": 285530,
          "sLibelleLigne1": "Galettes de bl&#233; noir",
          "sLibelleLigne2": "Bio Village x4 - 200g",
          "iQteDisponible": 53,
          "sPrixUnitaire": "1,80 €",
          "fAfficherPrixUnitaire": true,
          "nrPVBRIIDeduit": 1.80,
          "sPrixPromo": "1,80 €",
          "sPrixParUniteDeMesure": "9,00 € / kg",
          "fAfficherPrixParUniteMesure": true,
          "nrPVMesureBRIIDeduit": 9.00,
          "sUrlVignetteProduit": "https://fd7-photos.leclercdrive.fr/image.ashx?id=2114427&use=l&cat=p&typeid=i",
          "fEstBRIIActifEtDisponible": false,
          "fBriiAffichageSticker": false,
          "fPrixAvantageux": false,
          "sUrlLogoBrii": "",
          "sUrlStickerCampagne": "",
          "sTexteLogoBRII": "Promotion BRII",
          "sTexteTooltipLot": "",
          "fEstVisiblePictoPromoTEL": false,
          "sCodeLotHeterogene": "",
          "sUrlLogoTEL": "",
          "sTexteLogoTel": "Promotion TEL",
          "sLibellePictoAjouterProduit": "Ajouter au panier",
          "sLibelleUrlNaviguerRayon": "Voir le rayon",
          "iQuantitePanier": 0,
          "rTotalAPayer": 0.0,
          "sTotalAPayer": "0,00 €",
          "sOrigineZoneDepeche": "",
          "fVoirRayon": false,
          "sUrlVoirRayon": "",
          "eDisponibilite": 0,
          "iIdElementPresentationPrincipale": 285530,
          "fProduitSubstitution": false,
          "sTexteEcoParticipationPrix": "",
          "fAppartientAUneListe": false,
          "sMsgHeaderPopinAuthen": "Vous devez être identifié(e) pour ajouter le produit à vos listes.",
          "fAfficherTexteProduitIndispo": false,
          "sTexteProduitIndispo": "",
          "sTexteProduitIndispoCarte": "",
          "fGainsBRD": false,
          "eTypeProduit": 1,
          "sUrlPageProduit": "https://fd7-courses.leclercdrive.fr/magasin-079111-Massy-Palaiseau/fiche-produits-29764-Galettes-de-ble-noir.aspx",
          "iQteMinPanier": 0,
          "iQteMaxPanier": 1000,
          "sUrlLogoDemandeVocale": "/_res/release/_img/ascWCRS414_PanierBot/picto-commande-vocale.svg?v=638163832640000000",
          "fEstDansDemandeVocale": false,
          "fEstProduitCategorieCommerciale": false,
          "lstMentionsProduit": [],
          "objAvisClient": {
            "IdProduit": 29764,
            "IdProduitBZV": 19262,
            "Addon": "00",
            "Note": {
              "Valeur": 4.0,
              "IdPicto": 161
            },
            "NbAvis": 14
          },
          "sIdUnique": "Produit29764"
        },
        "lstEnfants": []
      },
      {
        "objElement": {
          "sNoPointLivraison": "079111",
          "iIdProduit": 60204,
          "iIdRayon": 284321,
          "iIdFamille": 284362,
          "niIdSousFamille": 285530,
          "sType": "Produit",
          "sId": "60204",
          "niIdPhotoEnLigne": 2504896,
          "eIncitationLot": 0,
          "sIdUniqueRayon": "Rayon284321",
          "iIdElementPresentation": 284494,
          "sLibelleLigne1": "Cr&#234;pes de landerneau Le Ster",
          "sLibelleLigne2": "Le p&#226;tissier x12 - 300g",
          "iQteDisponible": 0,
          "sPrixUnitaire": "2,06 €",
          "fAfficherPrixUnitaire": true,
          "nrPVBRIIDeduit": 2.06,
          "sPrixPromo": "2,06 €",
          "sPrixParUniteDeMesure": "6,87 € / kg",
          "fAfficherPrixParUniteMesure": true,
          "nrPVMesureBRIIDeduit": 6.87,
          "sUrlVignetteProduit": "https://fd7-photos.leclercdrive.fr/image.ashx?id=2504896&use=l&cat=p&typeid=i",
          "fEstBRIIActifEtDisponible": false,
          "fBriiAffichageSticker": false,
          "fPrixAvantageux": false,
          "sUrlLogoBrii": "",
          "sUrlStickerCampagne": "",
          "sTexteLogoBRII": "Promotion BRII",
          "sTexteTooltipLot": "",
          "fEstVisiblePictoPromoTEL": false,
          "sCodeLotHeterogene": "",
          "sUrlLogoTEL": "",
          "sTexteLogoTel": "Promotion TEL",
          "sLibellePictoAjouterProduit": "Ajouter au panier",
          "sLibelleUrlNaviguerRayon": "Voir le rayon",
          "iQuantitePanier": 0,
          "rTotalAPayer": 0.0,
          "sTotalAPayer": "0,00 €",
          "sOrigineZoneDepeche": "",
          "fVoirRayon": false,
          "sUrlVoirRayon": "",
          "eDisponibilite": 1,
          "iIdElementPresentationPrincipale": 284494,
          "fProduitSubstitution": false,
          "sTexteEcoParticipationPrix": "",
          "fAppartientAUneListe": false,
          "sMsgHeaderPopinAuthen": "Vous devez être identifié(e) pour ajouter le produit à vos listes.",
          "fAfficherTexteProduitIndispo": true,
          "sTexteProduitIndispo": "",
          "sTexteProduitIndispoCarte": "",
          "fGainsBRD": false,
          "eTypeProduit": 1,
          "sUrlPageProduit": "https://fd7-courses.leclercdrive.fr/magasin-079111-Massy-Palaiseau/fiche-produits-60204-Crepes-de-landerneau-Le-Ster.aspx",
          "iQteMinPanier": 0,
          "iQteMaxPanier": 1000,
          "sUrlLogoDemandeVocale": "/_res/release/_img/ascWCRS414_PanierBot/picto-commande-vocale.svg?v=638163832640000000",
          "fEstDansDemandeVocale": false,
          "fEstProduitCategorieCommerciale": false,
          "lstMentionsProduit": [],
          "objAvisClient": {
            "IdProduit": 60204,
            "IdProduitBZV": 40730,
            "Addon": "AUCUN",
            "Note": {
              "Valeur": 4.0,
              "IdPicto": 161
            },
            "NbAvis": 4
          },
          "sIdUnique": "Produit60204"
        },
        "lstEnfants": []
      },
      {
        "objElement": {
          "sNoPointLivraison": "079111",
          "iIdProduit": 56511,
          "iIdRayon": 284321,
          "iIdFamille": 284362,
          "niIdSousFamille": 285530,
          "sType": "Produit",
          "sId": "56511",
          "niIdPhotoEnLigne": 2351147,
          "eIncitationLot": 0,
          "sIdUniqueRayon": "Rayon284321",
          "iIdElementPresentation": 285530,
          "sLibelleLigne1": "Galettes sarrasin Bretagne x6",
          "sLibelleLigne2": "Nos R&#233;gions Ont Du Talent 300g",
          "iQteDisponible": 0,
          "sPrixUnitaire": "1,89 €",
          "fAfficherPrixUnitaire": true,
          "nrPVBRIIDeduit": 1.89,
          "sPrixPromo": "1,89 €",
          "sPrixParUniteDeMesure": "6,30 € / kg",
          "fAfficherPrixParUniteMesure": true,
          "nrPVMesureBRIIDeduit": 6.30,
          "sUrlVignetteProduit": "https://fd7-photos.leclercdrive.fr/image.ashx?id=2351147&use=l&cat=p&typeid=i",
          "fEstBRIIActifEtDisponible": false,
          "fBriiAffichageSticker": false,
          "fPrixAvantageux": false,
          "sUrlLogoBrii": "",
          "sUrlStickerCampagne": "",
          "sTexteLogoBRII": "Promotion BRII",
          "sTexteTooltipLot": "",
          "fEstVisiblePictoPromoTEL": true,
          "sCodeLotHeterogene": "",
          "sUrlLogoTEL": "https://fd7-photos.leclercdrive.fr/StickerPromo.ashx?type=100&val=10.00&unit=1&mindim=41&v=2",
          "sTexteLogoTel": "Promotion TEL",
          "sLibellePictoAjouterProduit": "Ajouter au panier",
          "sLibelleUrlNaviguerRayon": "Voir le rayon",
          "iQuantitePanier": 0,
          "rTotalAPayer": 0.0,
          "sTotalAPayer": "0,00 €",
          "sOrigineZoneDepeche": "",
          "fVoirRayon": false,
          "sUrlVoirRayon": "",
          "eDisponibilite": 1,
          "iIdElementPresentationPrincipale": 285530,
          "fProduitSubstitution": false,
          "sTexteEcoParticipationPrix": "",
          "fAppartientAUneListe": false,
          "sMsgHeaderPopinAuthen": "Vous devez être identifié(e) pour ajouter le produit à vos listes.",
          "fAfficherTexteProduitIndispo": true,
          "sTexteProduitIndispo": "",
          "sTexteProduitIndispoCarte": "",
          "fGainsBRD": false,
          "eTypeProduit": 1,
          "sUrlPageProduit": "https://fd7-courses.leclercdrive.fr/magasin-079111-Massy-Palaiseau/fiche-produits-56511-Galettes-sarrasin-Bretagne-x6.aspx",
          "iQteMinPanier": 0,
          "iQteMaxPanier": 1000,
          "sUrlLogoDemandeVocale": "/_res/release/_img/ascWCRS414_PanierBot/picto-commande-vocale.svg?v=638163832640000000",
          "fEstDansDemandeVocale": false,
          "fEstProduitCategorieCommerciale": false,
          "lstMentionsProduit": [],
          "objAvisClient": {
            "IdProduit": 56511,
            "IdProduitBZV": 74040,
            "Addon": "01",
            "Note": {
              "Valeur": 4.5,
              "IdPicto": 162
            },
            "NbAvis": 5
          },
          "sIdUnique": "Produit56511"
        },
        "lstEnfants": []
      },
      {
        "objElement": {
          "sNoPointLivraison": "079111",
          "iIdProduit": 26258,
          "iIdRayon": 284321,
          "iIdFamille": 284362,
          "niIdSousFamille": 284366,
          "sType": "Produit",
          "sId": "26258",
          "niIdPhotoEnLigne": 2275123,
          "eIncitationLot": 0,
          "sIdUniqueRayon": "Rayon284321",
          "iIdElementPresentation": 284492,
          "sLibelleLigne1": "Madeleines coquilles P&#39;tit d&#233;li",
          "sLibelleLigne2": "Sachet 600g",
          "iQteDisponible": 14,
          "sPrixUnitaire": "2,48 €",
          "fAfficherPrixUnitaire": true,
          "nrPVBRIIDeduit": 2.48,
          "sPrixPromo": "2,48 €",
          "sPrixParUniteDeMesure": "4,13 € / kg",
          "fAfficherPrixParUniteMesure": true,
          "nrPVMesureBRIIDeduit": 4.13,
          "sUrlVignetteProduit": "https://fd7-photos.leclercdrive.fr/image.ashx?id=2275123&use=l&cat=p&typeid=i",
          "fEstBRIIActifEtDisponible": false,
          "fBriiAffichageSticker": false,
          "fPrixAvantageux": false,
          "sUrlLogoBrii": "",
          "sUrlStickerCampagne": "",
          "sTexteLogoBRII": "Promotion BRII",
          "sTexteTooltipLot": "",
          "fEstVisiblePictoPromoTEL": false,
          "sCodeLotHeterogene": "",
          "sUrlLogoTEL": "",
          "sTexteLogoTel": "Promotion TEL",
          "sLibellePictoAjouterProduit": "Ajouter au panier",
          "sLibelleUrlNaviguerRayon": "Voir le rayon",
          "iQuantitePanier": 0,
          "rTotalAPayer": 0.0,
          "sTotalAPayer": "0,00 €",
          "sOrigineZoneDepeche": "",
          "fVoirRayon": false,
          "sUrlVoirRayon": "",
          "eDisponibilite": 0,
          "iIdElementPresentationPrincipale": 284492,
          "fProduitSubstitution": false,
          "sTexteEcoParticipationPrix": "",
          "fAppartientAUneListe": false,
          "sMsgHeaderPopinAuthen": "Vous devez être identifié(e) pour ajouter le produit à vos listes.",
          "fAfficherTexteProduitIndispo": false,
          "sTexteProduitIndispo": "",
          "sTexteProduitIndispoCarte": "",
          "fGainsBRD": false,
          "eTypeProduit": 1,
          "sUrlPageProduit": "https://fd7-courses.leclercdrive.fr/magasin-079111-Massy-Palaiseau/fiche-produits-26258-Madeleines-coquilles-Ptit-deli.aspx",
          "iQteMinPanier": 0,
          "iQteMaxPanier": 1000,
          "sUrlLogoDemandeVocale": "/_res/release/_img/ascWCRS414_PanierBot/picto-commande-vocale.svg?v=638163832640000000",
          "fEstDansDemandeVocale": false,
          "fEstProduitCategorieCommerciale": false,
          "lstMentionsProduit": [],
          "objAvisClient": {
            "IdProduit": 26258,
            "IdProduitBZV": 54454,
            "Addon": "01",
            "Note": {
              "Valeur": 4.0,
              "IdPicto": 161
            },
            "NbAvis": 7
          },
          "sIdUnique": "Produit26258"
        },
        "lstEnfants": []
      },
      {
        "objElement": {
          "sNoPointLivraison": "079111",
          "iIdProduit": 368,
          "iIdRayon": 284321,
          "iIdFamille": 284362,
          "niIdSousFamille": 284366,
          "sType": "Produit",
          "sId": "368",
          "niIdPhotoEnLigne": 2493673,
          "eIncitationLot": 0,
          "sIdUniqueRayon": "Rayon284321",
          "iIdElementPresentation": 284492,
          "sLibelleLigne1": "Madeleine P&#39;tit D&#233;li coquilles",
          "sLibelleLigne2": "Sachet 1kg",
          "iQteDisponible": 0,
          "sPrixUnitaire": "3,39 €",
          "fAfficherPrixUnitaire": false,
          "nrPVBRIIDeduit": 3.39,
          "sPrixPromo": "3,39 €",
          "sPrixParUniteDeMesure": "3,39 € / kg",
          "fAfficherPrixParUniteMesure": false,
          "nrPVMesureBRIIDeduit": 3.39,
          "sUrlVignetteProduit": "https://fd7-photos.leclercdrive.fr/image.ashx?id=2493673&use=l&cat=p&typeid=i",
          "fEstBRIIActifEtDisponible": false,
          "fBriiAffichageSticker": false,
          "fPrixAvantageux": false,
          "sUrlLogoBrii": "",
          "sUrlStickerCampagne": "",
          "sTexteLogoBRII": "Promotion BRII",
          "sTexteTooltipLot": "",
          "fEstVisiblePictoPromoTEL": false,
          "sCodeLotHeterogene": "",
          "sUrlLogoTEL": "",
          "sTexteLogoTel": "Promotion TEL",
          "sLibellePictoAjouterProduit": "Ajouter au panier",
          "sLibelleUrlNaviguerRayon": "Voir le rayon",
          "iQuantitePanier": 0,
          "rTotalAPayer": 0.0,
          "sTotalAPayer": "0,00 €",
          "sOrigineZoneDepeche": "",
          "fVoirRayon": false,
          "sUrlVoirRayon": "",
          "eDisponibilite": 1,
          "iIdElementPresentationPrincipale": 284492,
          "fProduitSubstitution": true,
          "sTexteEcoParticipationPrix": "",
          "fAppartientAUneListe": false,
          "sMsgHeaderPopinAuthen": "Vous devez être identifié(e) pour ajouter le produit à vos listes.",
          "fAfficherTexteProduitIndispo": true,
          "sTexteProduitIndispo": "",
          "sTexteProduitIndispoCarte": "",
          "fGainsBRD": false,
          "eTypeProduit": 1,
          "sUrlPageProduit": "https://fd7-courses.leclercdrive.fr/magasin-079111-Massy-Palaiseau/fiche-produits-368-Madeleine-Ptit-Deli-coquilles.aspx",
          "iQteMinPanier": 0,
          "iQteMaxPanier": 1000,
          "sUrlLogoDemandeVocale": "/_res/release/_img/ascWCRS414_PanierBot/picto-commande-vocale.svg?v=638163832640000000",
          "fEstDansDemandeVocale": false,
          "fEstProduitCategorieCommerciale": false,
          "lstMentionsProduit": [],
          "objAvisClient": {
            "IdProduit": 368,
            "IdProduitBZV": 31047,
            "Addon": "00",
            "Note": {
              "Valeur": 4.5,
              "IdPicto": 162
            },
            "NbAvis": 11
          },
          "sIdUnique": "Produit368"
        },
        "lstEnfants": []
      },
      {
        "objElement": {
          "sNoPointLivraison": "079111",
          "iIdProduit": 40313,
          "iIdRayon": 284321,
          "iIdFamille": 284362,
          "niIdSousFamille": 284366,
          "sType": "Produit",
          "sId": "40313",
          "niIdPhotoEnLigne": 1723528,
          "eIncitationLot": 0,
          "sIdUniqueRayon": "Rayon284321",
          "iIdElementPresentation": 284492,
          "sLibelleLigne1": "Madeleines marbr&#233;es P&#39;tit D&#233;li",
          "sLibelleLigne2": "Chocolat 400g",
          "iQteDisponible": 0,
          "sPrixUnitaire": "1,92 €",
          "fAfficherPrixUnitaire": false,
          "nrPVBRIIDeduit": 1.92,
          "sPrixPromo": "1,92 €",
          "sPrixParUniteDeMesure": "4,80 € / kg",
          "fAfficherPrixParUniteMesure": false,
          "nrPVMesureBRIIDeduit": 4.80,
          "sUrlVignetteProduit": "https://fd7-photos.leclercdrive.fr/image.ashx?id=1723528&use=l&cat=p&typeid=i",
          "fEstBRIIActifEtDisponible": false,
          "fBriiAffichageSticker": false,
          "fPrixAvantageux": false,
          "sUrlLogoBrii": "",
          "sUrlStickerCampagne": "",
          "sTexteLogoBRII": "Promotion BRII",
          "sTexteTooltipLot": "",
          "fEstVisiblePictoPromoTEL": false,
          "sCodeLotHeterogene": "",
          "sUrlLogoTEL": "",
          "sTexteLogoTel": "Promotion TEL",
          "sLibellePictoAjouterProduit": "Ajouter au panier",
          "sLibelleUrlNaviguerRayon": "Voir le rayon",
          "iQuantitePanier": 0,
          "rTotalAPayer": 0.0,
          "sTotalAPayer": "0,00 €",
          "sOrigineZoneDepeche": "",
          "fVoirRayon": false,
          "sUrlVoirRayon": "",
          "eDisponibilite": 1,
          "iIdElementPresentationPrincipale": 284492,
          "fProduitSubstitution": true,
          "sTexteEcoParticipationPrix": "",
          "fAppartientAUneListe": false,
          "sMsgHeaderPopinAuthen": "Vous devez être identifié(e) pour ajouter le produit à vos listes.",
          "fAfficherTexteProduitIndispo": true,
          "sTexteProduitIndispo": "",
          "sTexteProduitIndispoCarte": "",
          "fGainsBRD": false,
          "eTypeProduit": 1,
          "sUrlPageProduit": "https://fd7-courses.leclercdrive.fr/magasin-079111-Massy-Palaiseau/fiche-produits-40313-Madeleines-marbrees-Ptit-Deli.aspx",
          "iQteMinPanier": 0,
          "iQteMaxPanier": 1000,
          "sUrlLogoDemandeVocale": "/_res/release/_img/ascWCRS414_PanierBot/picto-commande-vocale.svg?v=638163832640000000",
          "fEstDansDemandeVocale": false,
          "fEstProduitCategorieCommerciale": false,
          "lstMentionsProduit": [],
          "objAvisClient": {
            "IdProduit": 40313,
            "IdProduitBZV": 41654,
            "Addon": "01",
            "Note": {
              "Valeur": 3.0,
              "IdPicto": 159
            },
            "NbAvis": 6
          },
          "sIdUnique": "Produit40313"
        },
        "lstEnfants": []
      },
      {
        "objElement": {
          "sNoPointLivraison": "079111",
          "iIdProduit": 30905,
          "iIdRayon": 284321,
          "iIdFamille": 284362,
          "niIdSousFamille": 284366,
          "sType": "Produit",
          "sId": "30905",
          "niIdPhotoEnLigne": 2431128,
          "eIncitationLot": 0,
          "sIdUniqueRayon": "Rayon284321",
          "iIdElementPresentation": 313216,
          "sLibelleLigne1": "Coquilles moelleuses x6",
          "sLibelleLigne2": "Chaque Jour Sans Gluten 180g",
          "iQteDisponible": 7,
          "sPrixUnitaire": "1,79 €",
          "fAfficherPrixUnitaire": true,
          "nrPVBRIIDeduit": 1.79,
          "sPrixPromo": "1,79 €",
          "sPrixParUniteDeMesure": "9,94 € / kg",
          "fAfficherPrixParUniteMesure": true,
          "nrPVMesureBRIIDeduit": 9.94,
          "sUrlVignetteProduit": "https://fd7-photos.leclercdrive.fr/image.ashx?id=2431128&use=l&cat=p&typeid=i",
          "fEstBRIIActifEtDisponible": false,
          "fBriiAffichageSticker": false,
          "fPrixAvantageux": false,
          "sUrlLogoBrii": "",
          "sUrlStickerCampagne": "",
          "sTexteLogoBRII": "Promotion BRII",
          "sTexteTooltipLot": "",
          "fEstVisiblePictoPromoTEL": false,
          "sCodeLotHeterogene": "",
          "sUrlLogoTEL": "",
          "sTexteLogoTel": "Promotion TEL",
          "sLibellePictoAjouterProduit": "Ajouter au panier",
          "sLibelleUrlNaviguerRayon": "Voir le rayon",
          "iQuantitePanier": 0,
          "rTotalAPayer": 0.0,
          "sTotalAPayer": "0,00 €",
          "sOrigineZoneDepeche": "",
          "fVoirRayon": false,
          "sUrlVoirRayon": "",
          "eDisponibilite": 0,
          "iIdElementPresentationPrincipale": 313216,
          "fProduitSubstitution": false,
          "sTexteEcoParticipationPrix": "",
          "fAppartientAUneListe": false,
          "sMsgHeaderPopinAuthen": "Vous devez être identifié(e) pour ajouter le produit à vos listes.",
          "fAfficherTexteProduitIndispo": false,
          "sTexteProduitIndispo": "",
          "sTexteProduitIndispoCarte": "",
          "fGainsBRD": false,
          "eTypeProduit": 1,
          "sUrlPageProduit": "https://fd7-courses.leclercdrive.fr/magasin-079111-Massy-Palaiseau/fiche-produits-30905-Coquilles-moelleuses-x6.aspx",
          "iQteMinPanier": 0,
          "iQteMaxPanier": 1000,
          "sUrlLogoDemandeVocale": "/_res/release/_img/ascWCRS414_PanierBot/picto-commande-vocale.svg?v=638163832640000000",
          "fEstDansDemandeVocale": false,
          "fEstProduitCategorieCommerciale": false,
          "lstMentionsProduit": [],
          "objAvisClient": {
            "IdProduit": 30905,
            "IdProduitBZV": 29896,
            "Addon": "00",
            "Note": {
              "Valeur": 4.0,
              "IdPicto": 161
            },
            "NbAvis": 4
          },
          "sIdUnique": "Produit30905"
        },
        "lstEnfants": []
      },
      {
        "objElement": {
          "sNoPointLivraison": "079111",
          "iIdProduit": 38724,
          "iIdRayon": 284321,
          "iIdFamille": 284362,
          "niIdSousFamille": 284366,
          "sType": "Produit",
          "sId": "38724",
          "niIdPhotoEnLigne": 1962165,
          "eIncitationLot": 0,
          "sIdUniqueRayon": "Rayon284321",
          "iIdElementPresentation": 284492,
          "sLibelleLigne1": "Madeleines pur beurre",
          "sLibelleLigne2": "Nos R&#233;gions ont du Talent 330g",
          "iQteDisponible": 5,
          "sPrixUnitaire": "3,50 €",
          "fAfficherPrixUnitaire": true,
          "nrPVBRIIDeduit": 3.50,
          "sPrixPromo": "3,50 €",
          "sPrixParUniteDeMesure": "10,61 € / kg",
          "fAfficherPrixParUniteMesure": true,
          "nrPVMesureBRIIDeduit": 10.61,
          "sUrlVignetteProduit": "https://fd7-photos.leclercdrive.fr/image.ashx?id=1962165&use=l&cat=p&typeid=i",
          "fEstBRIIActifEtDisponible": false,
          "fBriiAffichageSticker": false,
          "fPrixAvantageux": false,
          "sUrlLogoBrii": "",
          "sUrlStickerCampagne": "",
          "sTexteLogoBRII": "Promotion BRII",
          "sTexteTooltipLot": "",
          "fEstVisiblePictoPromoTEL": false,
          "sCodeLotHeterogene": "",
          "sUrlLogoTEL": "",
          "sTexteLogoTel": "Promotion TEL",
          "sLibellePictoAjouterProduit": "Ajouter au panier",
          "sLibelleUrlNaviguerRayon": "Voir le rayon",
          "iQuantitePanier": 0,
          "rTotalAPayer": 0.0,
          "sTotalAPayer": "0,00 €",
          "sOrigineZoneDepeche": "",
          "fVoirRayon": false,
          "sUrlVoirRayon": "",
          "eDisponibilite": 0,
          "iIdElementPresentationPrincipale": 284492,
          "fProduitSubstitution": false,
          "sTexteEcoParticipationPrix": "",
          "fAppartientAUneListe": false,
          "sMsgHeaderPopinAuthen": "Vous devez être identifié(e) pour ajouter le produit à vos listes.",
          "fAfficherTexteProduitIndispo": false,
          "sTexteProduitIndispo": "",
          "sTexteProduitIndispoCarte": "",
          "fGainsBRD": false,
          "eTypeProduit": 1,
          "sUrlPageProduit": "https://fd7-courses.leclercdrive.fr/magasin-079111-Massy-Palaiseau/fiche-produits-38724-Madeleines-pur-beurre.aspx",
          "iQteMinPanier": 0,
          "iQteMaxPanier": 1000,
          "sUrlLogoDemandeVocale": "/_res/release/_img/ascWCRS414_PanierBot/picto-commande-vocale.svg?v=638163832640000000",
          "fEstDansDemandeVocale": false,
          "fEstProduitCategorieCommerciale": false,
          "lstMentionsProduit": [],
          "objAvisClient": {
            "IdProduit": 38724,
            "IdProduitBZV": 21220,
            "Addon": "01",
            "Note": {
              "Valeur": 4.0,
              "IdPicto": 161
            },
            "NbAvis": 8
          },
          "sIdUnique": "Produit38724"
        },
        "lstEnfants": []
      },
      {
        "objElement": {
          "sNoPointLivraison": "079111",
          "iIdProduit": 23226,
          "iIdRayon": 284321,
          "iIdFamille": 284362,
          "niIdSousFamille": 284366,
          "sType": "Produit",
          "sId": "23226",
          "niIdPhotoEnLigne": 2331847,
          "eIncitationLot": 0,
          "sIdUniqueRayon": "Rayon284321",
          "iIdElementPresentation": 284492,
          "sLibelleLigne1": "Madeleine coquille Bio Village",
          "sLibelleLigne2": "250g",
          "iQteDisponible": 24,
          "sPrixUnitaire": "2,05 €",
          "fAfficherPrixUnitaire": true,
          "nrPVBRIIDeduit": 2.05,
          "sPrixPromo": "2,05 €",
          "sPrixParUniteDeMesure": "8,20 € / kg",
          "fAfficherPrixParUniteMesure": true,
          "nrPVMesureBRIIDeduit": 8.20,
          "sUrlVignetteProduit": "https://fd7-photos.leclercdrive.fr/image.ashx?id=2331847&use=l&cat=p&typeid=i",
          "fEstBRIIActifEtDisponible": false,
          "fBriiAffichageSticker": false,
          "fPrixAvantageux": false,
          "sUrlLogoBrii": "",
          "sUrlStickerCampagne": "",
          "sTexteLogoBRII": "Promotion BRII",
          "sTexteTooltipLot": "",
          "fEstVisiblePictoPromoTEL": false,
          "sCodeLotHeterogene": "",
          "sUrlLogoTEL": "",
          "sTexteLogoTel": "Promotion TEL",
          "sLibellePictoAjouterProduit": "Ajouter au panier",
          "sLibelleUrlNaviguerRayon": "Voir le rayon",
          "iQuantitePanier": 0,
          "rTotalAPayer": 0.0,
          "sTotalAPayer": "0,00 €",
          "sOrigineZoneDepeche": "",
          "fVoirRayon": false,
          "sUrlVoirRayon": "",
          "eDisponibilite": 0,
          "iIdElementPresentationPrincipale": 284492,
          "fProduitSubstitution": false,
          "sTexteEcoParticipationPrix": "",
          "fAppartientAUneListe": false,
          "sMsgHeaderPopinAuthen": "Vous devez être identifié(e) pour ajouter le produit à vos listes.",
          "fAfficherTexteProduitIndispo": false,
          "sTexteProduitIndispo": "",
          "sTexteProduitIndispoCarte": "",
          "fGainsBRD": false,
          "eTypeProduit": 1,
          "sUrlPageProduit": "https://fd7-courses.leclercdrive.fr/magasin-079111-Massy-Palaiseau/fiche-produits-23226-Madeleine-coquille-Bio-Village.aspx",
          "iQteMinPanier": 0,
          "iQteMaxPanier": 1000,
          "sUrlLogoDemandeVocale": "/_res/release/_img/ascWCRS414_PanierBot/picto-commande-vocale.svg?v=638163832640000000",
          "fEstDansDemandeVocale": false,
          "fEstProduitCategorieCommerciale": false,
          "lstMentionsProduit": [],
          "objAvisClient": {
            "IdProduit": 23226,
            "IdProduitBZV": 86820,
            "Addon": "00",
            "Note": {
              "Valeur": 3.5,
              "IdPicto": 160
            },
            "NbAvis": 7
          },
          "sIdUnique": "Produit23226"
        },
        "lstEnfants": []
      },
      {
        "objElement": {
          "sNoPointLivraison": "079111",
          "iIdProduit": 6837,
          "iIdRayon": 284321,
          "iIdFamille": 284362,
          "niIdSousFamille": 284366,
          "sType": "Produit",
          "sId": "6837",
          "niIdPhotoEnLigne": 2399135,
          "eIncitationLot": 0,
          "sIdUniqueRayon": "Rayon284321",
          "iIdElementPresentation": 284492,
          "sLibelleLigne1": "Madeleines longues P&#39;tit D&#233;li",
          "sLibelleLigne2": "440g",
          "iQteDisponible": 3,
          "sPrixUnitaire": "2,79 €",
          "fAfficherPrixUnitaire": true,
          "nrPVBRIIDeduit": 2.79,
          "sPrixPromo": "2,79 €",
          "sPrixParUniteDeMesure": "6,34 € / kg",
          "fAfficherPrixParUniteMesure": true,
          "nrPVMesureBRIIDeduit": 6.34,
          "sUrlVignetteProduit": "https://fd7-photos.leclercdrive.fr/image.ashx?id=2399135&use=l&cat=p&typeid=i",
          "fEstBRIIActifEtDisponible": false,
          "fBriiAffichageSticker": false,
          "fPrixAvantageux": false,
          "sUrlLogoBrii": "",
          "sUrlStickerCampagne": "",
          "sTexteLogoBRII": "Promotion BRII",
          "sTexteTooltipLot": "",
          "fEstVisiblePictoPromoTEL": false,
          "sCodeLotHeterogene": "",
          "sUrlLogoTEL": "",
          "sTexteLogoTel": "Promotion TEL",
          "sLibellePictoAjouterProduit": "Ajouter au panier",
          "sLibelleUrlNaviguerRayon": "Voir le rayon",
          "iQuantitePanier": 0,
          "rTotalAPayer": 0.0,
          "sTotalAPayer": "0,00 €",
          "sOrigineZoneDepeche": "",
          "fVoirRayon": false,
          "sUrlVoirRayon": "",
          "eDisponibilite": 0,
          "iIdElementPresentationPrincipale": 284492,
          "fProduitSubstitution": false,
          "sTexteEcoParticipationPrix": "",
          "fAppartientAUneListe": false,
          "sMsgHeaderPopinAuthen": "Vous devez être identifié(e) pour ajouter le produit à vos listes.",
          "fAfficherTexteProduitIndispo": false,
          "sTexteProduitIndispo": "",
          "sTexteProduitIndispoCarte": "",
          "fGainsBRD": false,
          "eTypeProduit": 1,
          "sUrlPageProduit": "https://fd7-courses.leclercdrive.fr/magasin-079111-Massy-Palaiseau/fiche-produits-6837-Madeleines-longues-Ptit-Deli.aspx",
          "iQteMinPanier": 0,
          "iQteMaxPanier": 1000,
          "sUrlLogoDemandeVocale": "/_res/release/_img/ascWCRS414_PanierBot/picto-commande-vocale.svg?v=638163832640000000",
          "fEstDansDemandeVocale": false,
          "fEstProduitCategorieCommerciale": false,
          "lstMentionsProduit": [],
          "objAvisClient": {
            "IdProduit": 6837,
            "IdProduitBZV": 31615,
            "Addon": "00",
            "Note": {
              "Valeur": 2.0,
              "IdPicto": 157
            },
            "NbAvis": 1
          },
          "sIdUnique": "Produit6837"
        },
        "lstEnfants": []
      },
      {
        "objElement": {
          "sNoPointLivraison": "079111",
          "iIdProduit": 3148,
          "iIdRayon": 284321,
          "iIdFamille": 284362,
          "niIdSousFamille": 284366,
          "sType": "Produit",
          "sId": "3148",
          "niIdPhotoEnLigne": 2301250,
          "eIncitationLot": 0,
          "sIdUniqueRayon": "Rayon284321",
          "iIdElementPresentation": 284492,
          "sLibelleLigne1": "Madeleines longues P&#39;tit d&#233;li",
          "sLibelleLigne2": "Marbr&#233;es chocolat 250g",
          "iQteDisponible": 10,
          "sPrixUnitaire": "1,72 €",
          "fAfficherPrixUnitaire": true,
          "nrPVBRIIDeduit": 1.72,
          "sPrixPromo": "1,72 €",
          "sPrixParUniteDeMesure": "6,88 € / kg",
          "fAfficherPrixParUniteMesure": true,
          "nrPVMesureBRIIDeduit": 6.88,
          "sUrlVignetteProduit": "https://fd7-photos.leclercdrive.fr/image.ashx?id=2301250&use=l&cat=p&typeid=i",
          "fEstBRIIActifEtDisponible": false,
          "fBriiAffichageSticker": false,
          "fPrixAvantageux": false,
          "sUrlLogoBrii": "",
          "sUrlStickerCampagne": "",
          "sTexteLogoBRII": "Promotion BRII",
          "sTexteTooltipLot": "",
          "fEstVisiblePictoPromoTEL": false,
          "sCodeLotHeterogene": "",
          "sUrlLogoTEL": "",
          "sTexteLogoTel": "Promotion TEL",
          "sLibellePictoAjouterProduit": "Ajouter au panier",
          "sLibelleUrlNaviguerRayon": "Voir le rayon",
          "iQuantitePanier": 0,
          "rTotalAPayer": 0.0,
          "sTotalAPayer": "0,00 €",
          "sOrigineZoneDepeche": "",
          "fVoirRayon": false,
          "sUrlVoirRayon": "",
          "eDisponibilite": 0,
          "iIdElementPresentationPrincipale": 284492,
          "fProduitSubstitution": false,
          "sTexteEcoParticipationPrix": "",
          "fAppartientAUneListe": false,
          "sMsgHeaderPopinAuthen": "Vous devez être identifié(e) pour ajouter le produit à vos listes.",
          "fAfficherTexteProduitIndispo": false,
          "sTexteProduitIndispo": "",
          "sTexteProduitIndispoCarte": "",
          "fGainsBRD": false,
          "eTypeProduit": 1,
          "sUrlPageProduit": "https://fd7-courses.leclercdrive.fr/magasin-079111-Massy-Palaiseau/fiche-produits-3148-Madeleines-longues-Ptit-deli.aspx",
          "iQteMinPanier": 0,
          "iQteMaxPanier": 1000,
          "sUrlLogoDemandeVocale": "/_res/release/_img/ascWCRS414_PanierBot/picto-commande-vocale.svg?v=638163832640000000",
          "fEstDansDemandeVocale": false,
          "fEstProduitCategorieCommerciale": false,
          "lstMentionsProduit": [],
          "objAvisClient": {
            "IdProduit": 3148,
            "IdProduitBZV": 65017,
            "Addon": "00",
            "Note": {
              "Valeur": 3.0,
              "IdPicto": 159
            },
            "NbAvis": 1
          },
          "sIdUnique": "Produit3148"
        },
        "lstEnfants": []
      },
      {
        "objElement": {
          "sNoPointLivraison": "079111",
          "iIdProduit": 10929,
          "iIdRayon": 284321,
          "iIdFamille": 284362,
          "niIdSousFamille": 284366,
          "sType": "Produit",
          "sId": "10929",
          "niIdPhotoEnLigne": 2289162,
          "eIncitationLot": 0,
          "sIdUniqueRayon": "Rayon284321",
          "iIdElementPresentation": 284492,
          "sLibelleLigne1": "Madeleines longues Eco+",
          "sLibelleLigne2": "250g",
          "iQteDisponible": 3,
          "sPrixUnitaire": "0,74 €",
          "fAfficherPrixUnitaire": true,
          "nrPVBRIIDeduit": 0.74,
          "sPrixPromo": "0,74 €",
          "sPrixParUniteDeMesure": "2,96 € / kg",
          "fAfficherPrixParUniteMesure": true,
          "nrPVMesureBRIIDeduit": 2.96,
          "sUrlVignetteProduit": "https://fd7-photos.leclercdrive.fr/image.ashx?id=2289162&use=l&cat=p&typeid=i",
          "fEstBRIIActifEtDisponible": false,
          "fBriiAffichageSticker": false,
          "fPrixAvantageux": false,
          "sUrlLogoBrii": "",
          "sUrlStickerCampagne": "",
          "sTexteLogoBRII": "Promotion BRII",
          "sTexteTooltipLot": "",
          "fEstVisiblePictoPromoTEL": false,
          "sCodeLotHeterogene": "",
          "sUrlLogoTEL": "",
          "sTexteLogoTel": "Promotion TEL",
          "sLibellePictoAjouterProduit": "Ajouter au panier",
          "sLibelleUrlNaviguerRayon": "Voir le rayon",
          "iQuantitePanier": 0,
          "rTotalAPayer": 0.0,
          "sTotalAPayer": "0,00 €",
          "sOrigineZoneDepeche": "",
          "fVoirRayon": false,
          "sUrlVoirRayon": "",
          "eDisponibilite": 0,
          "iIdElementPresentationPrincipale": 284492,
          "fProduitSubstitution": false,
          "sTexteEcoParticipationPrix": "",
          "fAppartientAUneListe": false,
          "sMsgHeaderPopinAuthen": "Vous devez être identifié(e) pour ajouter le produit à vos listes.",
          "fAfficherTexteProduitIndispo": false,
          "sTexteProduitIndispo": "",
          "sTexteProduitIndispoCarte": "",
          "fGainsBRD": false,
          "eTypeProduit": 1,
          "sUrlPageProduit": "https://fd7-courses.leclercdrive.fr/magasin-079111-Massy-Palaiseau/fiche-produits-10929-Madeleines-longues-Eco.aspx",
          "iQteMinPanier": 0,
          "iQteMaxPanier": 1000,
          "sUrlLogoDemandeVocale": "/_res/release/_img/ascWCRS414_PanierBot/picto-commande-vocale.svg?v=638163832640000000",
          "fEstDansDemandeVocale": false,
          "fEstProduitCategorieCommerciale": false,
          "lstMentionsProduit": [],
          "objAvisClient": {
            "IdProduit": 10929,
            "IdProduitBZV": 53367,
            "Addon": "05",
            "Note": {
              "Valeur": 4.5,
              "IdPicto": 162
            },
            "NbAvis": 8
          },
          "sIdUnique": "Produit10929"
        },
        "lstEnfants": []
      },
      {
        "objElement": {
          "sNoPointLivraison": "079111",
          "iIdProduit": 42063,
          "iIdRayon": 284321,
          "iIdFamille": 284362,
          "niIdSousFamille": 284366,
          "sType": "Produit",
          "sId": "42063",
          "niIdPhotoEnLigne": 2127598,
          "eIncitationLot": 0,
          "sIdUniqueRayon": "Rayon284321",
          "iIdElementPresentation": 284492,
          "sLibelleLigne1": "Madeleines Saint Michel",
          "sLibelleLigne2": "Oeufs de poule plein air - 500g",
          "iQteDisponible": 30,
          "sPrixUnitaire": "2,24 €",
          "fAfficherPrixUnitaire": true,
          "nrPVBRIIDeduit": 2.24,
          "sPrixPromo": "2,24 €",
          "sPrixParUniteDeMesure": "4,48 € / kg",
          "fAfficherPrixParUniteMesure": true,
          "nrPVMesureBRIIDeduit": 4.48,
          "sUrlVignetteProduit": "https://fd7-photos.leclercdrive.fr/image.ashx?id=2127598&use=l&cat=p&typeid=i",
          "fEstBRIIActifEtDisponible": false,
          "fBriiAffichageSticker": false,
          "fPrixAvantageux": false,
          "sUrlLogoBrii": "",
          "sUrlStickerCampagne": "",
          "sTexteLogoBRII": "Promotion BRII",
          "sTexteTooltipLot": "",
          "fEstVisiblePictoPromoTEL": false,
          "sCodeLotHeterogene": "",
          "sUrlLogoTEL": "",
          "sTexteLogoTel": "Promotion TEL",
          "sLibellePictoAjouterProduit": "Ajouter au panier",
          "sLibelleUrlNaviguerRayon": "Voir le rayon",
          "iQuantitePanier": 0,
          "rTotalAPayer": 0.0,
          "sTotalAPayer": "0,00 €",
          "sOrigineZoneDepeche": "",
          "fVoirRayon": false,
          "sUrlVoirRayon": "",
          "eDisponibilite": 0,
          "iIdElementPresentationPrincipale": 284492,
          "fProduitSubstitution": false,
          "sTexteEcoParticipationPrix": "",
          "fAppartientAUneListe": false,
          "sMsgHeaderPopinAuthen": "Vous devez être identifié(e) pour ajouter le produit à vos listes.",
          "fAfficherTexteProduitIndispo": false,
          "sTexteProduitIndispo": "",
          "sTexteProduitIndispoCarte": "",
          "fGainsBRD": false,
          "eTypeProduit": 1,
          "sUrlPageProduit": "https://fd7-courses.leclercdrive.fr/magasin-079111-Massy-Palaiseau/fiche-produits-42063-Madeleines-Saint-Michel.aspx",
          "iQteMinPanier": 0,
          "iQteMaxPanier": 1000,
          "sUrlLogoDemandeVocale": "/_res/release/_img/ascWCRS414_PanierBot/picto-commande-vocale.svg?v=638163832640000000",
          "fEstDansDemandeVocale": false,
          "fEstProduitCategorieCommerciale": false,
          "lstMentionsProduit": [],
          "objAvisClient": {
            "IdProduit": 42063,
            "IdProduitBZV": 45073,
            "Addon": "AUCUN",
            "Note": {
              "Valeur": 4.0,
              "IdPicto": 161
            },
            "NbAvis": 3
          },
          "sIdUnique": "Produit42063"
        },
        "lstEnfants": []
      },
      {
        "objElement": {
          "sNoPointLivraison": "079111",
          "iIdProduit": 60175,
          "iIdRayon": 284321,
          "iIdFamille": 284362,
          "niIdSousFamille": 284366,
          "sType": "Produit",
          "sId": "60175",
          "niIdPhotoEnLigne": 2338138,
          "eIncitationLot": 0,
          "sIdUniqueRayon": "Rayon284321",
          "iIdElementPresentation": 284492,
          "sLibelleLigne1": "Madeleines St Michel ",
          "sLibelleLigne2": "Oeuf en plein air - 1kg",
          "iQteDisponible": 1,
          "sPrixUnitaire": "4,09 €",
          "fAfficherPrixUnitaire": true,
          "nrPVBRIIDeduit": 4.09,
          "sPrixPromo": "4,09 €",
          "sPrixParUniteDeMesure": "4,09 € / kg",
          "fAfficherPrixParUniteMesure": true,
          "nrPVMesureBRIIDeduit": 4.09,
          "sUrlVignetteProduit": "https://fd7-photos.leclercdrive.fr/image.ashx?id=2338138&use=l&cat=p&typeid=i",
          "fEstBRIIActifEtDisponible": false,
          "fBriiAffichageSticker": false,
          "fPrixAvantageux": false,
          "sUrlLogoBrii": "",
          "sUrlStickerCampagne": "",
          "sTexteLogoBRII": "Promotion BRII",
          "sTexteTooltipLot": "",
          "fEstVisiblePictoPromoTEL": false,
          "sCodeLotHeterogene": "",
          "sUrlLogoTEL": "",
          "sTexteLogoTel": "Promotion TEL",
          "sLibellePictoAjouterProduit": "Ajouter au panier",
          "sLibelleUrlNaviguerRayon": "Voir le rayon",
          "iQuantitePanier": 0,
          "rTotalAPayer": 0.0,
          "sTotalAPayer": "0,00 €",
          "sOrigineZoneDepeche": "",
          "fVoirRayon": false,
          "sUrlVoirRayon": "",
          "eDisponibilite": 0,
          "iIdElementPresentationPrincipale": 284492,
          "fProduitSubstitution": false,
          "sTexteEcoParticipationPrix": "",
          "fAppartientAUneListe": false,
          "sMsgHeaderPopinAuthen": "Vous devez être identifié(e) pour ajouter le produit à vos listes.",
          "fAfficherTexteProduitIndispo": false,
          "sTexteProduitIndispo": "",
          "sTexteProduitIndispoCarte": "",
          "fGainsBRD": false,
          "eTypeProduit": 1,
          "sUrlPageProduit": "https://fd7-courses.leclercdrive.fr/magasin-079111-Massy-Palaiseau/fiche-produits-60175-Madeleines-St-Michel-.aspx",
          "iQteMinPanier": 0,
          "iQteMaxPanier": 1000,
          "sUrlLogoDemandeVocale": "/_res/release/_img/ascWCRS414_PanierBot/picto-commande-vocale.svg?v=638163832640000000",
          "fEstDansDemandeVocale": false,
          "fEstProduitCategorieCommerciale": false,
          "lstMentionsProduit": [],
          "objAvisClient": {
            "IdProduit": 60175,
            "IdProduitBZV": 35155,
            "Addon": "AUCUN",
            "Note": {
              "Valeur": 4.5,
              "IdPicto": 162
            },
            "NbAvis": 5
          },
          "sIdUnique": "Produit60175"
        },
        "lstEnfants": []
      },
      {
        "objElement": {
          "sNoPointLivraison": "079111",
          "iIdProduit": 44578,
          "iIdRayon": 284321,
          "iIdFamille": 284362,
          "niIdSousFamille": 284366,
          "sType": "Produit",
          "sId": "44578",
          "niIdPhotoEnLigne": 2467201,
          "eIncitationLot": 0,
          "sIdUniqueRayon": "Rayon284321",
          "iIdElementPresentation": 284492,
          "sLibelleLigne1": "Madeleines Saint Michel",
          "sLibelleLigne2": "P&#233;pites chocolat 400g",
          "iQteDisponible": 1,
          "sPrixUnitaire": "2,29 €",
          "fAfficherPrixUnitaire": true,
          "nrPVBRIIDeduit": 2.29,
          "sPrixPromo": "2,29 €",
          "sPrixParUniteDeMesure": "5,73 € / kg",
          "fAfficherPrixParUniteMesure": true,
          "nrPVMesureBRIIDeduit": 5.73,
          "sUrlVignetteProduit": "https://fd7-photos.leclercdrive.fr/image.ashx?id=2467201&use=l&cat=p&typeid=i",
          "fEstBRIIActifEtDisponible": false,
          "fBriiAffichageSticker": false,
          "fPrixAvantageux": false,
          "sUrlLogoBrii": "",
          "sUrlStickerCampagne": "",
          "sTexteLogoBRII": "Promotion BRII",
          "sTexteTooltipLot": "",
          "fEstVisiblePictoPromoTEL": false,
          "sCodeLotHeterogene": "",
          "sUrlLogoTEL": "",
          "sTexteLogoTel": "Promotion TEL",
          "sLibellePictoAjouterProduit": "Ajouter au panier",
          "sLibelleUrlNaviguerRayon": "Voir le rayon",
          "iQuantitePanier": 0,
          "rTotalAPayer": 0.0,
          "sTotalAPayer": "0,00 €",
          "sOrigineZoneDepeche": "",
          "fVoirRayon": false,
          "sUrlVoirRayon": "",
          "eDisponibilite": 0,
          "iIdElementPresentationPrincipale": 284492,
          "fProduitSubstitution": false,
          "sTexteEcoParticipationPrix": "",
          "fAppartientAUneListe": false,
          "sMsgHeaderPopinAuthen": "Vous devez être identifié(e) pour ajouter le produit à vos listes.",
          "fAfficherTexteProduitIndispo": false,
          "sTexteProduitIndispo": "",
          "sTexteProduitIndispoCarte": "",
          "fGainsBRD": false,
          "eTypeProduit": 1,
          "sUrlPageProduit": "https://fd7-courses.leclercdrive.fr/magasin-079111-Massy-Palaiseau/fiche-produits-44578-Madeleines-Saint-Michel.aspx",
          "iQteMinPanier": 0,
          "iQteMaxPanier": 1000,
          "sUrlLogoDemandeVocale": "/_res/release/_img/ascWCRS414_PanierBot/picto-commande-vocale.svg?v=638163832640000000",
          "fEstDansDemandeVocale": false,
          "fEstProduitCategorieCommerciale": false,
          "lstMentionsProduit": [],
          "objAvisClient": {
            "IdProduit": 44578,
            "IdProduitBZV": 63037,
            "Addon": "AUCUN",
            "Note": {
              "Valeur": 4.5,
              "IdPicto": 162
            },
            "NbAvis": 3
          },
          "sIdUnique": "Produit44578"
        },
        "lstEnfants": []
      },
      {
        "objElement": {
          "sNoPointLivraison": "079111",
          "iIdProduit": 54471,
          "iIdRayon": 284321,
          "iIdFamille": 284362,
          "niIdSousFamille": 284366,
          "sType": "Produit",
          "sId": "54471",
          "niIdPhotoEnLigne": 2098274,
          "eIncitationLot": 0,
          "sIdUniqueRayon": "Rayon284321",
          "iIdElementPresentation": 284492,
          "sLibelleLigne1": "Madeleines longues Le Ster",
          "sLibelleLigne2": "Marbr&#233;es choco - 250g",
          "iQteDisponible": 0,
          "sPrixUnitaire": "1,70 €",
          "fAfficherPrixUnitaire": false,
          "nrPVBRIIDeduit": 1.70,
          "sPrixPromo": "1,70 €",
          "sPrixParUniteDeMesure": "6,80 € / kg",
          "fAfficherPrixParUniteMesure": false,
          "nrPVMesureBRIIDeduit": 6.80,
          "sUrlVignetteProduit": "https://fd7-photos.leclercdrive.fr/image.ashx?id=2098274&use=l&cat=p&typeid=i",
          "fEstBRIIActifEtDisponible": false,
          "fBriiAffichageSticker": false,
          "fPrixAvantageux": false,
          "sUrlLogoBrii": "",
          "sUrlStickerCampagne": "",
          "sTexteLogoBRII": "Promotion BRII",
          "sTexteTooltipLot": "",
          "fEstVisiblePictoPromoTEL": false,
          "sCodeLotHeterogene": "",
          "sUrlLogoTEL": "",
          "sTexteLogoTel": "Promotion TEL",
          "sLibellePictoAjouterProduit": "Ajouter au panier",
          "sLibelleUrlNaviguerRayon": "Voir le rayon",
          "iQuantitePanier": 0,
          "rTotalAPayer": 0.0,
          "sTotalAPayer": "0,00 €",
          "sOrigineZoneDepeche": "",
          "fVoirRayon": false,
          "sUrlVoirRayon": "",
          "eDisponibilite": 1,
          "iIdElementPresentationPrincipale": 284492,
          "fProduitSubstitution": true,
          "sTexteEcoParticipationPrix": "",
          "fAppartientAUneListe": false,
          "sMsgHeaderPopinAuthen": "Vous devez être identifié(e) pour ajouter le produit à vos listes.",
          "fAfficherTexteProduitIndispo": true,
          "sTexteProduitIndispo": "",
          "sTexteProduitIndispoCarte": "",
          "fGainsBRD": false,
          "eTypeProduit": 1,
          "sUrlPageProduit": "https://fd7-courses.leclercdrive.fr/magasin-079111-Massy-Palaiseau/fiche-produits-54471-Madeleines-longues-Le-Ster.aspx",
          "iQteMinPanier": 0,
          "iQteMaxPanier": 1000,
          "sUrlLogoDemandeVocale": "/_res/release/_img/ascWCRS414_PanierBot/picto-commande-vocale.svg?v=638163832640000000",
          "fEstDansDemandeVocale": false,
          "fEstProduitCategorieCommerciale": false,
          "lstMentionsProduit": [],
          "objAvisClient": {
            "IdProduit": 54471,
            "IdProduitBZV": 28099,
            "Addon": "AUCUN",
            "Note": {
              "Valeur": 4.0,
              "IdPicto": 161
            },
            "NbAvis": 4
          },
          "sIdUnique": "Produit54471"
        },
        "lstEnfants": []
      },
      {
        "objElement": {
          "sNoPointLivraison": "079111",
          "iIdProduit": 58119,
          "iIdRayon": 284321,
          "iIdFamille": 284362,
          "niIdSousFamille": 284366,
          "sType": "Produit",
          "sId": "58119",
          "niIdPhotoEnLigne": 2098286,
          "eIncitationLot": 0,
          "sIdUniqueRayon": "Rayon284321",
          "iIdElementPresentation": 284492,
          "sLibelleLigne1": "Madeleines longue p&#233;pites sucre",
          "sLibelleLigne2": "Le Ster x20 - 250g",
          "iQteDisponible": 15,
          "sPrixUnitaire": "1,68 €",
          "fAfficherPrixUnitaire": true,
          "nrPVBRIIDeduit": 1.68,
          "sPrixPromo": "1,68 €",
          "sPrixParUniteDeMesure": "6,72 € / kg",
          "fAfficherPrixParUniteMesure": true,
          "nrPVMesureBRIIDeduit": 6.72,
          "sUrlVignetteProduit": "https://fd7-photos.leclercdrive.fr/image.ashx?id=2098286&use=l&cat=p&typeid=i",
          "fEstBRIIActifEtDisponible": false,
          "fBriiAffichageSticker": false,
          "fPrixAvantageux": false,
          "sUrlLogoBrii": "",
          "sUrlStickerCampagne": "",
          "sTexteLogoBRII": "Promotion BRII",
          "sTexteTooltipLot": "",
          "fEstVisiblePictoPromoTEL": false,
          "sCodeLotHeterogene": "",
          "sUrlLogoTEL": "",
          "sTexteLogoTel": "Promotion TEL",
          "sLibellePictoAjouterProduit": "Ajouter au panier",
          "sLibelleUrlNaviguerRayon": "Voir le rayon",
          "iQuantitePanier": 0,
          "rTotalAPayer": 0.0,
          "sTotalAPayer": "0,00 €",
          "sOrigineZoneDepeche": "",
          "fVoirRayon": false,
          "sUrlVoirRayon": "",
          "eDisponibilite": 0,
          "iIdElementPresentationPrincipale": 284492,
          "fProduitSubstitution": false,
          "sTexteEcoParticipationPrix": "",
          "fAppartientAUneListe": false,
          "sMsgHeaderPopinAuthen": "Vous devez être identifié(e) pour ajouter le produit à vos listes.",
          "fAfficherTexteProduitIndispo": false,
          "sTexteProduitIndispo": "",
          "sTexteProduitIndispoCarte": "",
          "fGainsBRD": false,
          "eTypeProduit": 1,
          "sUrlPageProduit": "https://fd7-courses.leclercdrive.fr/magasin-079111-Massy-Palaiseau/fiche-produits-58119-Madeleines-longue-pepites-sucre.aspx",
          "iQteMinPanier": 0,
          "iQteMaxPanier": 1000,
          "sUrlLogoDemandeVocale": "/_res/release/_img/ascWCRS414_PanierBot/picto-commande-vocale.svg?v=638163832640000000",
          "fEstDansDemandeVocale": false,
          "fEstProduitCategorieCommerciale": false,
          "lstMentionsProduit": [],
          "objAvisClient": {
            "IdProduit": 58119,
            "IdProduitBZV": 37625,
            "Addon": "AUCUN",
            "Note": {
              "Valeur": 5.0,
              "IdPicto": 163
            },
            "NbAvis": 2
          },
          "sIdUnique": "Produit58119"
        },
        "lstEnfants": []
      },
      {
        "objElement": {
          "sNoPointLivraison": "079111",
          "iIdProduit": 203045,
          "iIdRayon": 284321,
          "iIdFamille": 284362,
          "niIdSousFamille": 284366,
          "sType": "Produit",
          "sId": "203045",
          "niIdPhotoEnLigne": 2478619,
          "eIncitationLot": 0,
          "sIdUniqueRayon": "Rayon284321",
          "iIdElementPresentation": 284492,
          "sLibelleLigne1": "Madeleine longues  Le Ster",
          "sLibelleLigne2": "P&#233;pites de chocolat - 250g",
          "iQteDisponible": 9,
          "sPrixUnitaire": "1,49 €",
          "fAfficherPrixUnitaire": true,
          "nrPVBRIIDeduit": 1.49,
          "sPrixPromo": "1,49 €",
          "sPrixParUniteDeMesure": "5,96 € / kg",
          "fAfficherPrixParUniteMesure": true,
          "nrPVMesureBRIIDeduit": 5.96,
          "sUrlVignetteProduit": "https://fd7-photos.leclercdrive.fr/image.ashx?id=2478619&use=l&cat=p&typeid=i",
          "fEstBRIIActifEtDisponible": false,
          "fBriiAffichageSticker": false,
          "fPrixAvantageux": false,
          "sUrlLogoBrii": "",
          "sUrlStickerCampagne": "",
          "sTexteLogoBRII": "Promotion BRII",
          "sTexteTooltipLot": "",
          "fEstVisiblePictoPromoTEL": false,
          "sCodeLotHeterogene": "",
          "sUrlLogoTEL": "",
          "sTexteLogoTel": "Promotion TEL",
          "sLibellePictoAjouterProduit": "Ajouter au panier",
          "sLibelleUrlNaviguerRayon": "Voir le rayon",
          "iQuantitePanier": 0,
          "rTotalAPayer": 0.0,
          "sTotalAPayer": "0,00 €",
          "sOrigineZoneDepeche": "",
          "fVoirRayon": false,
          "sUrlVoirRayon": "",
          "eDisponibilite": 0,
          "iIdElementPresentationPrincipale": 284492,
          "fProduitSubstitution": false,
          "sTexteEcoParticipationPrix": "",
          "fAppartientAUneListe": false,
          "sMsgHeaderPopinAuthen": "Vous devez être identifié(e) pour ajouter le produit à vos listes.",
          "fAfficherTexteProduitIndispo": false,
          "sTexteProduitIndispo": "",
          "sTexteProduitIndispoCarte": "",
          "fGainsBRD": false,
          "eTypeProduit": 1,
          "sUrlPageProduit": "https://fd7-courses.leclercdrive.fr/magasin-079111-Massy-Palaiseau/fiche-produits-203045-Madeleine-longues-Le-Ster.aspx",
          "iQteMinPanier": 0,
          "iQteMaxPanier": 1000,
          "sUrlLogoDemandeVocale": "/_res/release/_img/ascWCRS414_PanierBot/picto-commande-vocale.svg?v=638163832640000000",
          "fEstDansDemandeVocale": false,
          "fEstProduitCategorieCommerciale": false,
          "lstMentionsProduit": [],
          "objAvisClient": {
            "IdProduit": 203045,
            "IdProduitBZV": 132803,
            "Addon": "AUCUN"
          },
          "sIdUnique": "Produit203045"
        },
        "lstEnfants": []
      },
      {
        "objElement": {
          "sNoPointLivraison": "079111",
          "iIdProduit": 8397,
          "iIdRayon": 284321,
          "iIdFamille": 284362,
          "niIdSousFamille": 284366,
          "sType": "Produit",
          "sId": "8397",
          "niIdPhotoEnLigne": 2472828,
          "eIncitationLot": 0,
          "sIdUniqueRayon": "Rayon284321",
          "iIdElementPresentation": 284492,
          "sLibelleLigne1": "Madeleine Bonne Maman",
          "sLibelleLigne2": "Pur beurre tradition 300g",
          "iQteDisponible": 0,
          "sPrixUnitaire": "2,82 €",
          "fAfficherPrixUnitaire": false,
          "nrPVBRIIDeduit": 2.82,
          "sPrixPromo": "2,82 €",
          "sPrixParUniteDeMesure": "9,40 € / kg",
          "fAfficherPrixParUniteMesure": false,
          "nrPVMesureBRIIDeduit": 9.40,
          "sUrlVignetteProduit": "https://fd7-photos.leclercdrive.fr/image.ashx?id=2472828&use=l&cat=p&typeid=i",
          "fEstBRIIActifEtDisponible": false,
          "fBriiAffichageSticker": false,
          "fPrixAvantageux": false,
          "sUrlLogoBrii": "",
          "sUrlStickerCampagne": "",
          "sTexteLogoBRII": "Promotion BRII",
          "sTexteTooltipLot": "",
          "fEstVisiblePictoPromoTEL": false,
          "sCodeLotHeterogene": "",
          "sUrlLogoTEL": "",
          "sTexteLogoTel": "Promotion TEL",
          "sLibellePictoAjouterProduit": "Ajouter au panier",
          "sLibelleUrlNaviguerRayon": "Voir le rayon",
          "iQuantitePanier": 0,
          "rTotalAPayer": 0.0,
          "sTotalAPayer": "0,00 €",
          "sOrigineZoneDepeche": "",
          "fVoirRayon": false,
          "sUrlVoirRayon": "",
          "eDisponibilite": 1,
          "iIdElementPresentationPrincipale": 284492,
          "fProduitSubstitution": true,
          "sTexteEcoParticipationPrix": "",
          "fAppartientAUneListe": false,
          "sMsgHeaderPopinAuthen": "Vous devez être identifié(e) pour ajouter le produit à vos listes.",
          "fAfficherTexteProduitIndispo": true,
          "sTexteProduitIndispo": "",
          "sTexteProduitIndispoCarte": "",
          "fGainsBRD": false,
          "eTypeProduit": 1,
          "sUrlPageProduit": "https://fd7-courses.leclercdrive.fr/magasin-079111-Massy-Palaiseau/fiche-produits-8397-Madeleine-Bonne-Maman.aspx",
          "iQteMinPanier": 0,
          "iQteMaxPanier": 1000,
          "sUrlLogoDemandeVocale": "/_res/release/_img/ascWCRS414_PanierBot/picto-commande-vocale.svg?v=638163832640000000",
          "fEstDansDemandeVocale": false,
          "fEstProduitCategorieCommerciale": false,
          "lstMentionsProduit": [],
          "objAvisClient": {
            "IdProduit": 8397,
            "IdProduitBZV": 39804,
            "Addon": "AUCUN",
            "Note": {
              "Valeur": 4.0,
              "IdPicto": 161
            },
            "NbAvis": 3
          },
          "sIdUnique": "Produit8397"
        },
        "lstEnfants": []
      },
      {
        "objElement": {
          "sNoPointLivraison": "079111",
          "iIdProduit": 60174,
          "iIdRayon": 284321,
          "iIdFamille": 284362,
          "niIdSousFamille": 284366,
          "sType": "Produit",
          "sId": "60174",
          "niIdPhotoEnLigne": 2486653,
          "eIncitationLot": 0,
          "sIdUniqueRayon": "Rayon284321",
          "iIdElementPresentation": 284492,
          "sLibelleLigne1": "Madeleine Bonne Maman ",
          "sLibelleLigne2": "Chocolat au lait x10 - 300g",
          "iQteDisponible": 15,
          "sPrixUnitaire": "3,44 €",
          "fAfficherPrixUnitaire": true,
          "nrPVBRIIDeduit": 3.44,
          "sPrixPromo": "3,44 €",
          "sPrixParUniteDeMesure": "11,47 € / kg",
          "fAfficherPrixParUniteMesure": true,
          "nrPVMesureBRIIDeduit": 11.47,
          "sUrlVignetteProduit": "https://fd7-photos.leclercdrive.fr/image.ashx?id=2486653&use=l&cat=p&typeid=i",
          "fEstBRIIActifEtDisponible": false,
          "fBriiAffichageSticker": false,
          "fPrixAvantageux": false,
          "sUrlLogoBrii": "",
          "sUrlStickerCampagne": "",
          "sTexteLogoBRII": "Promotion BRII",
          "sTexteTooltipLot": "",
          "fEstVisiblePictoPromoTEL": false,
          "sCodeLotHeterogene": "",
          "sUrlLogoTEL": "",
          "sTexteLogoTel": "Promotion TEL",
          "sLibellePictoAjouterProduit": "Ajouter au panier",
          "sLibelleUrlNaviguerRayon": "Voir le rayon",
          "iQuantitePanier": 0,
          "rTotalAPayer": 0.0,
          "sTotalAPayer": "0,00 €",
          "sOrigineZoneDepeche": "",
          "fVoirRayon": false,
          "sUrlVoirRayon": "",
          "eDisponibilite": 0,
          "iIdElementPresentationPrincipale": 284492,
          "fProduitSubstitution": false,
          "sTexteEcoParticipationPrix": "",
          "fAppartientAUneListe": false,
          "sMsgHeaderPopinAuthen": "Vous devez être identifié(e) pour ajouter le produit à vos listes.",
          "fAfficherTexteProduitIndispo": false,
          "sTexteProduitIndispo": "",
          "sTexteProduitIndispoCarte": "",
          "fGainsBRD": false,
          "eTypeProduit": 1,
          "sUrlPageProduit": "https://fd7-courses.leclercdrive.fr/magasin-079111-Massy-Palaiseau/fiche-produits-60174-Madeleine-Bonne-Maman-.aspx",
          "iQteMinPanier": 0,
          "iQteMaxPanier": 1000,
          "sUrlLogoDemandeVocale": "/_res/release/_img/ascWCRS414_PanierBot/picto-commande-vocale.svg?v=638163832640000000",
          "fEstDansDemandeVocale": false,
          "fEstProduitCategorieCommerciale": false,
          "lstMentionsProduit": [],
          "objAvisClient": {
            "IdProduit": 60174,
            "IdProduitBZV": 35154,
            "Addon": "AUCUN",
            "Note": {
              "Valeur": 5.0,
              "IdPicto": 163
            },
            "NbAvis": 3
          },
          "sIdUnique": "Produit60174"
        },
        "lstEnfants": []
      },
      {
        "objElement": {
          "sNoPointLivraison": "079111",
          "iIdProduit": 50673,
          "iIdRayon": 284321,
          "iIdFamille": 284362,
          "niIdSousFamille": 284366,
          "sType": "Produit",
          "sId": "50673",
          "niIdPhotoEnLigne": 2127592,
          "eIncitationLot": 0,
          "sIdUniqueRayon": "Rayon284321",
          "iIdElementPresentation": 284492,
          "sLibelleLigne1": "Financier amandes Bonne Maman",
          "sLibelleLigne2": "250g",
          "iQteDisponible": 13,
          "sPrixUnitaire": "3,60 €",
          "fAfficherPrixUnitaire": true,
          "nrPVBRIIDeduit": 3.60,
          "sPrixPromo": "3,60 €",
          "sPrixParUniteDeMesure": "14,40 € / kg",
          "fAfficherPrixParUniteMesure": true,
          "nrPVMesureBRIIDeduit": 14.40,
          "sUrlVignetteProduit": "https://fd7-photos.leclercdrive.fr/image.ashx?id=2127592&use=l&cat=p&typeid=i",
          "fEstBRIIActifEtDisponible": false,
          "fBriiAffichageSticker": false,
          "fPrixAvantageux": false,
          "sUrlLogoBrii": "",
          "sUrlStickerCampagne": "",
          "sTexteLogoBRII": "Promotion BRII",
          "sTexteTooltipLot": "",
          "fEstVisiblePictoPromoTEL": false,
          "sCodeLotHeterogene": "",
          "sUrlLogoTEL": "",
          "sTexteLogoTel": "Promotion TEL",
          "sLibellePictoAjouterProduit": "Ajouter au panier",
          "sLibelleUrlNaviguerRayon": "Voir le rayon",
          "iQuantitePanier": 0,
          "rTotalAPayer": 0.0,
          "sTotalAPayer": "0,00 €",
          "sOrigineZoneDepeche": "",
          "fVoirRayon": false,
          "sUrlVoirRayon": "",
          "eDisponibilite": 0,
          "iIdElementPresentationPrincipale": 284492,
          "fProduitSubstitution": false,
          "sTexteEcoParticipationPrix": "",
          "fAppartientAUneListe": false,
          "sMsgHeaderPopinAuthen": "Vous devez être identifié(e) pour ajouter le produit à vos listes.",
          "fAfficherTexteProduitIndispo": false,
          "sTexteProduitIndispo": "",
          "sTexteProduitIndispoCarte": "",
          "fGainsBRD": false,
          "eTypeProduit": 1,
          "sUrlPageProduit": "https://fd7-courses.leclercdrive.fr/magasin-079111-Massy-Palaiseau/fiche-produits-50673-Financier-amandes-Bonne-Maman.aspx",
          "iQteMinPanier": 0,
          "iQteMaxPanier": 1000,
          "sUrlLogoDemandeVocale": "/_res/release/_img/ascWCRS414_PanierBot/picto-commande-vocale.svg?v=638163832640000000",
          "fEstDansDemandeVocale": false,
          "fEstProduitCategorieCommerciale": false,
          "lstMentionsProduit": [],
          "objAvisClient": {
            "IdProduit": 50673,
            "IdProduitBZV": 78527,
            "Addon": "AUCUN",
            "Note": {
              "Valeur": 5.0,
              "IdPicto": 163
            },
            "NbAvis": 3
          },
          "sIdUnique": "Produit50673"
        },
        "lstEnfants": []
      },
      {
        "objElement": {
          "sNoPointLivraison": "079111",
          "iIdProduit": 25709,
          "iIdRayon": 284321,
          "iIdFamille": 284362,
          "niIdSousFamille": 284366,
          "sType": "Produit",
          "sId": "25709",
          "niIdPhotoEnLigne": 2346936,
          "eIncitationLot": 0,
          "sIdUniqueRayon": "Rayon284321",
          "iIdElementPresentation": 284492,
          "sLibelleLigne1": "Madeleines Ker Cad&#233;lac",
          "sLibelleLigne2": "Extra moelleuses chocolat 600g",
          "iQteDisponible": 0,
          "sPrixUnitaire": "3,42 €",
          "fAfficherPrixUnitaire": false,
          "nrPVBRIIDeduit": 3.42,
          "sPrixPromo": "3,42 €",
          "sPrixParUniteDeMesure": "5,70 € / kg",
          "fAfficherPrixParUniteMesure": false,
          "nrPVMesureBRIIDeduit": 5.70,
          "sUrlVignetteProduit": "https://fd7-photos.leclercdrive.fr/image.ashx?id=2346936&use=l&cat=p&typeid=i",
          "fEstBRIIActifEtDisponible": false,
          "fBriiAffichageSticker": false,
          "fPrixAvantageux": false,
          "sUrlLogoBrii": "",
          "sUrlStickerCampagne": "",
          "sTexteLogoBRII": "Promotion BRII",
          "sTexteTooltipLot": "",
          "fEstVisiblePictoPromoTEL": false,
          "sCodeLotHeterogene": "",
          "sUrlLogoTEL": "",
          "sTexteLogoTel": "Promotion TEL",
          "sLibellePictoAjouterProduit": "Ajouter au panier",
          "sLibelleUrlNaviguerRayon": "Voir le rayon",
          "iQuantitePanier": 0,
          "rTotalAPayer": 0.0,
          "sTotalAPayer": "0,00 €",
          "sOrigineZoneDepeche": "",
          "fVoirRayon": false,
          "sUrlVoirRayon": "",
          "eDisponibilite": 1,
          "iIdElementPresentationPrincipale": 284492,
          "fProduitSubstitution": true,
          "sTexteEcoParticipationPrix": "",
          "fAppartientAUneListe": false,
          "sMsgHeaderPopinAuthen": "Vous devez être identifié(e) pour ajouter le produit à vos listes.",
          "fAfficherTexteProduitIndispo": true,
          "sTexteProduitIndispo": "",
          "sTexteProduitIndispoCarte": "",
          "fGainsBRD": false,
          "eTypeProduit": 1,
          "sUrlPageProduit": "https://fd7-courses.leclercdrive.fr/magasin-079111-Massy-Palaiseau/fiche-produits-25709-Madeleines-Ker-Cadelac.aspx",
          "iQteMinPanier": 0,
          "iQteMaxPanier": 1000,
          "sUrlLogoDemandeVocale": "/_res/release/_img/ascWCRS414_PanierBot/picto-commande-vocale.svg?v=638163832640000000",
          "fEstDansDemandeVocale": false,
          "fEstProduitCategorieCommerciale": false,
          "lstMentionsProduit": [],
          "objAvisClient": {
            "IdProduit": 25709,
            "IdProduitBZV": 73364,
            "Addon": "AUCUN",
            "Note": {
              "Valeur": 5.0,
              "IdPicto": 163
            },
            "NbAvis": 1
          },
          "sIdUnique": "Produit25709"
        },
        "lstEnfants": []
      },
      {
        "objElement": {
          "sNoPointLivraison": "079111",
          "iIdProduit": 53820,
          "iIdRayon": 284321,
          "iIdFamille": 284362,
          "niIdSousFamille": 284366,
          "sType": "Produit",
          "sId": "53820",
          "niIdPhotoEnLigne": 2428330,
          "eIncitationLot": 0,
          "sIdUniqueRayon": "Rayon284321",
          "iIdElementPresentation": 284492,
          "sLibelleLigne1": "Madeleines Armor D&#233;lices",
          "sLibelleLigne2": "x13 - 430g",
          "iQteDisponible": 1,
          "sPrixUnitaire": "3,88 €",
          "fAfficherPrixUnitaire": true,
          "nrPVBRIIDeduit": 3.88,
          "sPrixPromo": "3,88 €",
          "sPrixParUniteDeMesure": "9,02 € / kg",
          "fAfficherPrixParUniteMesure": true,
          "nrPVMesureBRIIDeduit": 9.02,
          "sUrlVignetteProduit": "https://fd7-photos.leclercdrive.fr/image.ashx?id=2428330&use=l&cat=p&typeid=i",
          "fEstBRIIActifEtDisponible": false,
          "fBriiAffichageSticker": false,
          "fPrixAvantageux": false,
          "sUrlLogoBrii": "",
          "sUrlStickerCampagne": "",
          "sTexteLogoBRII": "Promotion BRII",
          "sTexteTooltipLot": "",
          "fEstVisiblePictoPromoTEL": false,
          "sCodeLotHeterogene": "",
          "sUrlLogoTEL": "",
          "sTexteLogoTel": "Promotion TEL",
          "sLibellePictoAjouterProduit": "Ajouter au panier",
          "sLibelleUrlNaviguerRayon": "Voir le rayon",
          "iQuantitePanier": 0,
          "rTotalAPayer": 0.0,
          "sTotalAPayer": "0,00 €",
          "sOrigineZoneDepeche": "",
          "fVoirRayon": false,
          "sUrlVoirRayon": "",
          "eDisponibilite": 0,
          "iIdElementPresentationPrincipale": 284492,
          "fProduitSubstitution": false,
          "sTexteEcoParticipationPrix": "",
          "fAppartientAUneListe": false,
          "sMsgHeaderPopinAuthen": "Vous devez être identifié(e) pour ajouter le produit à vos listes.",
          "fAfficherTexteProduitIndispo": false,
          "sTexteProduitIndispo": "",
          "sTexteProduitIndispoCarte": "",
          "fGainsBRD": false,
          "eTypeProduit": 1,
          "sUrlPageProduit": "https://fd7-courses.leclercdrive.fr/magasin-079111-Massy-Palaiseau/fiche-produits-53820-Madeleines-Armor-Delices.aspx",
          "iQteMinPanier": 0,
          "iQteMaxPanier": 1000,
          "sUrlLogoDemandeVocale": "/_res/release/_img/ascWCRS414_PanierBot/picto-commande-vocale.svg?v=638163832640000000",
          "fEstDansDemandeVocale": false,
          "fEstProduitCategorieCommerciale": false,
          "lstMentionsProduit": [],
          "objAvisClient": {
            "IdProduit": 53820,
            "IdProduitBZV": 13928,
            "Addon": "AUCUN",
            "Note": {
              "Valeur": 4.5,
              "IdPicto": 162
            },
            "NbAvis": 6
          },
          "sIdUnique": "Produit53820"
        },
        "lstEnfants": []
      },
      {
        "objElement": {
          "sNoPointLivraison": "079111",
          "iIdProduit": 367,
          "iIdRayon": 284321,
          "iIdFamille": 284362,
          "niIdSousFamille": 284366,
          "sType": "Produit",
          "sId": "367",
          "niIdPhotoEnLigne": 2074379,
          "eIncitationLot": 0,
          "sIdUniqueRayon": "Rayon284321",
          "iIdElementPresentation": 294776,
          "sLibelleLigne1": "Barre patissi&#232;re P&#39;tit D&#233;li",
          "sLibelleLigne2": "800g",
          "iQteDisponible": 20,
          "sPrixUnitaire": "2,29 €",
          "fAfficherPrixUnitaire": true,
          "nrPVBRIIDeduit": 2.29,
          "sPrixPromo": "2,29 €",
          "sPrixParUniteDeMesure": "2,86 € / kg",
          "fAfficherPrixParUniteMesure": true,
          "nrPVMesureBRIIDeduit": 2.86,
          "sUrlVignetteProduit": "https://fd7-photos.leclercdrive.fr/image.ashx?id=2074379&use=l&cat=p&typeid=i",
          "fEstBRIIActifEtDisponible": false,
          "fBriiAffichageSticker": false,
          "fPrixAvantageux": false,
          "sUrlLogoBrii": "",
          "sUrlStickerCampagne": "",
          "sTexteLogoBRII": "Promotion BRII",
          "sTexteTooltipLot": "",
          "fEstVisiblePictoPromoTEL": false,
          "sCodeLotHeterogene": "",
          "sUrlLogoTEL": "",
          "sTexteLogoTel": "Promotion TEL",
          "sLibellePictoAjouterProduit": "Ajouter au panier",
          "sLibelleUrlNaviguerRayon": "Voir le rayon",
          "iQuantitePanier": 0,
          "rTotalAPayer": 0.0,
          "sTotalAPayer": "0,00 €",
          "sOrigineZoneDepeche": "",
          "fVoirRayon": false,
          "sUrlVoirRayon": "",
          "eDisponibilite": 0,
          "iIdElementPresentationPrincipale": 294776,
          "fProduitSubstitution": false,
          "sTexteEcoParticipationPrix": "",
          "fAppartientAUneListe": false,
          "sMsgHeaderPopinAuthen": "Vous devez être identifié(e) pour ajouter le produit à vos listes.",
          "fAfficherTexteProduitIndispo": false,
          "sTexteProduitIndispo": "",
          "sTexteProduitIndispoCarte": "",
          "fGainsBRD": false,
          "eTypeProduit": 1,
          "sUrlPageProduit": "https://fd7-courses.leclercdrive.fr/magasin-079111-Massy-Palaiseau/fiche-produits-367-Barre-patissiere-Ptit-Deli.aspx",
          "iQteMinPanier": 0,
          "iQteMaxPanier": 1000,
          "sUrlLogoDemandeVocale": "/_res/release/_img/ascWCRS414_PanierBot/picto-commande-vocale.svg?v=638163832640000000",
          "fEstDansDemandeVocale": false,
          "fEstProduitCategorieCommerciale": false,
          "lstMentionsProduit": [],
          "objAvisClient": {
            "IdProduit": 367,
            "IdProduitBZV": 8470,
            "Addon": "01",
            "Note": {
              "Valeur": 4.0,
              "IdPicto": 161
            },
            "NbAvis": 5
          },
          "sIdUnique": "Produit367"
        },
        "lstEnfants": []
      },
      {
        "objElement": {
          "sNoPointLivraison": "079111",
          "iIdProduit": 50682,
          "iIdRayon": 284321,
          "iIdFamille": 284362,
          "niIdSousFamille": 284366,
          "sType": "Produit",
          "sId": "50682",
          "niIdPhotoEnLigne": 2504500,
          "eIncitationLot": 0,
          "sIdUniqueRayon": "Rayon284321",
          "iIdElementPresentation": 294776,
          "sLibelleLigne1": "G&#226;teau Ker Cad&#233;lac",
          "sLibelleLigne2": "Le Moelleux Original - 500g",
          "iQteDisponible": 18,
          "sPrixUnitaire": "2,84 €",
          "fAfficherPrixUnitaire": true,
          "nrPVBRIIDeduit": 2.84,
          "sPrixPromo": "2,84 €",
          "sPrixParUniteDeMesure": "5,68 € / kg",
          "fAfficherPrixParUniteMesure": true,
          "nrPVMesureBRIIDeduit": 5.68,
          "sUrlVignetteProduit": "https://fd7-photos.leclercdrive.fr/image.ashx?id=2504500&use=l&cat=p&typeid=i",
          "fEstBRIIActifEtDisponible": false,
          "fBriiAffichageSticker": false,
          "fPrixAvantageux": false,
          "sUrlLogoBrii": "",
          "sUrlStickerCampagne": "",
          "sTexteLogoBRII": "Promotion BRII",
          "sTexteTooltipLot": "",
          "fEstVisiblePictoPromoTEL": false,
          "sCodeLotHeterogene": "",
          "sUrlLogoTEL": "",
          "sTexteLogoTel": "Promotion TEL",
          "sLibellePictoAjouterProduit": "Ajouter au panier",
          "sLibelleUrlNaviguerRayon": "Voir le rayon",
          "iQuantitePanier": 0,
          "rTotalAPayer": 0.0,
          "sTotalAPayer": "0,00 €",
          "sOrigineZoneDepeche": "",
          "fVoirRayon": false,
          "sUrlVoirRayon": "",
          "eDisponibilite": 0,
          "iIdElementPresentationPrincipale": 294776,
          "fProduitSubstitution": false,
          "sTexteEcoParticipationPrix": "",
          "fAppartientAUneListe": false,
          "sMsgHeaderPopinAuthen": "Vous devez être identifié(e) pour ajouter le produit à vos listes.",
          "fAfficherTexteProduitIndispo": false,
          "sTexteProduitIndispo": "",
          "sTexteProduitIndispoCarte": "",
          "fGainsBRD": false,
          "eTypeProduit": 1,
          "sUrlPageProduit": "https://fd7-courses.leclercdrive.fr/magasin-079111-Massy-Palaiseau/fiche-produits-50682-Gateau-Ker-Cadelac.aspx",
          "iQteMinPanier": 0,
          "iQteMaxPanier": 1000,
          "sUrlLogoDemandeVocale": "/_res/release/_img/ascWCRS414_PanierBot/picto-commande-vocale.svg?v=638163832640000000",
          "fEstDansDemandeVocale": false,
          "fEstProduitCategorieCommerciale": false,
          "lstMentionsProduit": [],
          "objAvisClient": {
            "IdProduit": 50682,
            "IdProduitBZV": 78532,
            "Addon": "AUCUN",
            "Note": {
              "Valeur": 2.0,
              "IdPicto": 157
            },
            "NbAvis": 1
          },
          "sIdUnique": "Produit50682"
        },
        "lstEnfants": []
      },
      {
        "objElement": {
          "sNoPointLivraison": "079111",
          "iIdProduit": 50683,
          "iIdRayon": 284321,
          "iIdFamille": 284362,
          "niIdSousFamille": 284366,
          "sType": "Produit",
          "sId": "50683",
          "niIdPhotoEnLigne": 2164822,
          "eIncitationLot": 0,
          "sIdUniqueRayon": "Rayon284321",
          "iIdElementPresentation": 294776,
          "sLibelleLigne1": "Barre marbr&#233;  Ker Cad&#233;lac",
          "sLibelleLigne2": " Cacao - 500g",
          "iQteDisponible": 5,
          "sPrixUnitaire": "2,40 €",
          "fAfficherPrixUnitaire": true,
          "nrPVBRIIDeduit": 2.40,
          "sPrixPromo": "2,40 €",
          "sPrixParUniteDeMesure": "4,80 € / kg",
          "fAfficherPrixParUniteMesure": true,
          "nrPVMesureBRIIDeduit": 4.80,
          "sUrlVignetteProduit": "https://fd7-photos.leclercdrive.fr/image.ashx?id=2164822&use=l&cat=p&typeid=i",
          "fEstBRIIActifEtDisponible": false,
          "fBriiAffichageSticker": false,
          "fPrixAvantageux": false,
          "sUrlLogoBrii": "",
          "sUrlStickerCampagne": "",
          "sTexteLogoBRII": "Promotion BRII",
          "sTexteTooltipLot": "",
          "fEstVisiblePictoPromoTEL": false,
          "sCodeLotHeterogene": "",
          "sUrlLogoTEL": "",
          "sTexteLogoTel": "Promotion TEL",
          "sLibellePictoAjouterProduit": "Ajouter au panier",
          "sLibelleUrlNaviguerRayon": "Voir le rayon",
          "iQuantitePanier": 0,
          "rTotalAPayer": 0.0,
          "sTotalAPayer": "0,00 €",
          "sOrigineZoneDepeche": "",
          "fVoirRayon": false,
          "sUrlVoirRayon": "",
          "eDisponibilite": 0,
          "iIdElementPresentationPrincipale": 294776,
          "fProduitSubstitution": false,
          "sTexteEcoParticipationPrix": "",
          "fAppartientAUneListe": false,
          "sMsgHeaderPopinAuthen": "Vous devez être identifié(e) pour ajouter le produit à vos listes.",
          "fAfficherTexteProduitIndispo": false,
          "sTexteProduitIndispo": "",
          "sTexteProduitIndispoCarte": "",
          "fGainsBRD": false,
          "eTypeProduit": 1,
          "sUrlPageProduit": "https://fd7-courses.leclercdrive.fr/magasin-079111-Massy-Palaiseau/fiche-produits-50683-Barre-marbre-Ker-Cadelac.aspx",
          "iQteMinPanier": 0,
          "iQteMaxPanier": 1000,
          "sUrlLogoDemandeVocale": "/_res/release/_img/ascWCRS414_PanierBot/picto-commande-vocale.svg?v=638163832640000000",
          "fEstDansDemandeVocale": false,
          "fEstProduitCategorieCommerciale": false,
          "lstMentionsProduit": [],
          "objAvisClient": {
            "IdProduit": 50683,
            "IdProduitBZV": 78533,
            "Addon": "AUCUN",
            "Note": {
              "Valeur": 5.0,
              "IdPicto": 163
            },
            "NbAvis": 2
          },
          "sIdUnique": "Produit50683"
        },
        "lstEnfants": []
      },
      {
        "objElement": {
          "sNoPointLivraison": "079111",
          "iIdProduit": 50674,
          "iIdRayon": 284321,
          "iIdFamille": 284362,
          "niIdSousFamille": 284366,
          "sType": "Produit",
          "sId": "50674",
          "niIdPhotoEnLigne": 2486943,
          "eIncitationLot": 0,
          "sIdUniqueRayon": "Rayon284321",
          "iIdElementPresentation": 294776,
          "sLibelleLigne1": "Quatre quarts Bonne Maman",
          "sLibelleLigne2": "500g",
          "iQteDisponible": 0,
          "sPrixUnitaire": "3,39 €",
          "fAfficherPrixUnitaire": true,
          "nrPVBRIIDeduit": 3.39,
          "sPrixPromo": "3,39 €",
          "sPrixParUniteDeMesure": "6,78 € / kg",
          "fAfficherPrixParUniteMesure": true,
          "nrPVMesureBRIIDeduit": 6.78,
          "sUrlVignetteProduit": "https://fd7-photos.leclercdrive.fr/image.ashx?id=2486943&use=l&cat=p&typeid=i",
          "fEstBRIIActifEtDisponible": false,
          "fBriiAffichageSticker": false,
          "fPrixAvantageux": false,
          "sUrlLogoBrii": "",
          "sUrlStickerCampagne": "",
          "sTexteLogoBRII": "Promotion BRII",
          "sTexteTooltipLot": "",
          "fEstVisiblePictoPromoTEL": false,
          "sCodeLotHeterogene": "",
          "sUrlLogoTEL": "",
          "sTexteLogoTel": "Promotion TEL",
          "sLibellePictoAjouterProduit": "Ajouter au panier",
          "sLibelleUrlNaviguerRayon": "Voir le rayon",
          "iQuantitePanier": 0,
          "rTotalAPayer": 0.0,
          "sTotalAPayer": "0,00 €",
          "sOrigineZoneDepeche": "",
          "fVoirRayon": false,
          "sUrlVoirRayon": "",
          "eDisponibilite": 1,
          "iIdElementPresentationPrincipale": 294776,
          "fProduitSubstitution": false,
          "sTexteEcoParticipationPrix": "",
          "fAppartientAUneListe": false,
          "sMsgHeaderPopinAuthen": "Vous devez être identifié(e) pour ajouter le produit à vos listes.",
          "fAfficherTexteProduitIndispo": true,
          "sTexteProduitIndispo": "",
          "sTexteProduitIndispoCarte": "",
          "fGainsBRD": false,
          "eTypeProduit": 1,
          "sUrlPageProduit": "https://fd7-courses.leclercdrive.fr/magasin-079111-Massy-Palaiseau/fiche-produits-50674-Quatre-quarts-Bonne-Maman.aspx",
          "iQteMinPanier": 0,
          "iQteMaxPanier": 1000,
          "sUrlLogoDemandeVocale": "/_res/release/_img/ascWCRS414_PanierBot/picto-commande-vocale.svg?v=638163832640000000",
          "fEstDansDemandeVocale": false,
          "fEstProduitCategorieCommerciale": false,
          "lstMentionsProduit": [],
          "objAvisClient": {
            "IdProduit": 50674,
            "IdProduitBZV": 78528,
            "Addon": "AUCUN",
            "Note": {
              "Valeur": 4.5,
              "IdPicto": 162
            },
            "NbAvis": 7
          },
          "sIdUnique": "Produit50674"
        },
        "lstEnfants": []
      },
      {
        "objElement": {
          "sNoPointLivraison": "079111",
          "iIdProduit": 3093,
          "iIdRayon": 284321,
          "iIdFamille": 284362,
          "niIdSousFamille": 284367,
          "sType": "Produit",
          "sId": "3093",
          "niIdPhotoEnLigne": 2401240,
          "eIncitationLot": 0,
          "sIdUniqueRayon": "Rayon284321",
          "iIdElementPresentation": 284493,
          "sLibelleLigne1": "Cake fruits P&#39;tit d&#233;li",
          "sLibelleLigne2": "Tranch&#233; 300g",
          "iQteDisponible": 5,
          "sPrixUnitaire": "1,48 €",
          "fAfficherPrixUnitaire": true,
          "nrPVBRIIDeduit": 1.48,
          "sPrixPromo": "1,48 €",
          "sPrixParUniteDeMesure": "4,93 € / kg",
          "fAfficherPrixParUniteMesure": true,
          "nrPVMesureBRIIDeduit": 4.93,
          "sUrlVignetteProduit": "https://fd7-photos.leclercdrive.fr/image.ashx?id=2401240&use=l&cat=p&typeid=i",
          "fEstBRIIActifEtDisponible": false,
          "fBriiAffichageSticker": false,
          "fPrixAvantageux": false,
          "sUrlLogoBrii": "",
          "sUrlStickerCampagne": "",
          "sTexteLogoBRII": "Promotion BRII",
          "sTexteTooltipLot": "",
          "fEstVisiblePictoPromoTEL": false,
          "sCodeLotHeterogene": "",
          "sUrlLogoTEL": "",
          "sTexteLogoTel": "Promotion TEL",
          "sLibellePictoAjouterProduit": "Ajouter au panier",
          "sLibelleUrlNaviguerRayon": "Voir le rayon",
          "iQuantitePanier": 0,
          "rTotalAPayer": 0.0,
          "sTotalAPayer": "0,00 €",
          "sOrigineZoneDepeche": "",
          "fVoirRayon": false,
          "sUrlVoirRayon": "",
          "eDisponibilite": 0,
          "iIdElementPresentationPrincipale": 284493,
          "fProduitSubstitution": false,
          "sTexteEcoParticipationPrix": "",
          "fAppartientAUneListe": false,
          "sMsgHeaderPopinAuthen": "Vous devez être identifié(e) pour ajouter le produit à vos listes.",
          "fAfficherTexteProduitIndispo": false,
          "sTexteProduitIndispo": "",
          "sTexteProduitIndispoCarte": "",
          "fGainsBRD": false,
          "eTypeProduit": 1,
          "sUrlPageProduit": "https://fd7-courses.leclercdrive.fr/magasin-079111-Massy-Palaiseau/fiche-produits-3093-Cake-fruits-Ptit-deli.aspx",
          "iQteMinPanier": 0,
          "iQteMaxPanier": 1000,
          "sUrlLogoDemandeVocale": "/_res/release/_img/ascWCRS414_PanierBot/picto-commande-vocale.svg?v=638163832640000000",
          "fEstDansDemandeVocale": false,
          "fEstProduitCategorieCommerciale": false,
          "lstMentionsProduit": [],
          "objAvisClient": {
            "IdProduit": 3093,
            "IdProduitBZV": 31357,
            "Addon": "01",
            "Note": {
              "Valeur": 4.0,
              "IdPicto": 161
            },
            "NbAvis": 4
          },
          "sIdUnique": "Produit3093"
        },
        "lstEnfants": []
      },
      {
        "objElement": {
          "sNoPointLivraison": "079111",
          "iIdProduit": 322,
          "iIdRayon": 284321,
          "iIdFamille": 284362,
          "niIdSousFamille": 284367,
          "sType": "Produit",
          "sId": "322",
          "niIdPhotoEnLigne": 2456795,
          "eIncitationLot": 0,
          "sIdUniqueRayon": "Rayon284321",
          "iIdElementPresentation": 284493,
          "sLibelleLigne1": "Cake anglais Brossard",
          "sLibelleLigne2": "400g",
          "iQteDisponible": 14,
          "sPrixUnitaire": "2,88 €",
          "fAfficherPrixUnitaire": true,
          "nrPVBRIIDeduit": 2.88,
          "sPrixPromo": "2,88 €",
          "sPrixParUniteDeMesure": "7,20 € / kg",
          "fAfficherPrixParUniteMesure": true,
          "nrPVMesureBRIIDeduit": 7.20,
          "sUrlVignetteProduit": "https://fd7-photos.leclercdrive.fr/image.ashx?id=2456795&use=l&cat=p&typeid=i",
          "fEstBRIIActifEtDisponible": false,
          "fBriiAffichageSticker": false,
          "fPrixAvantageux": false,
          "sUrlLogoBrii": "",
          "sUrlStickerCampagne": "",
          "sTexteLogoBRII": "Promotion BRII",
          "sTexteTooltipLot": "",
          "fEstVisiblePictoPromoTEL": false,
          "sCodeLotHeterogene": "",
          "sUrlLogoTEL": "",
          "sTexteLogoTel": "Promotion TEL",
          "sLibellePictoAjouterProduit": "Ajouter au panier",
          "sLibelleUrlNaviguerRayon": "Voir le rayon",
          "iQuantitePanier": 0,
          "rTotalAPayer": 0.0,
          "sTotalAPayer": "0,00 €",
          "sOrigineZoneDepeche": "",
          "fVoirRayon": false,
          "sUrlVoirRayon": "",
          "eDisponibilite": 0,
          "iIdElementPresentationPrincipale": 284493,
          "fProduitSubstitution": false,
          "sTexteEcoParticipationPrix": "",
          "fAppartientAUneListe": false,
          "sMsgHeaderPopinAuthen": "Vous devez être identifié(e) pour ajouter le produit à vos listes.",
          "fAfficherTexteProduitIndispo": false,
          "sTexteProduitIndispo": "",
          "sTexteProduitIndispoCarte": "",
          "fGainsBRD": false,
          "eTypeProduit": 1,
          "sUrlPageProduit": "https://fd7-courses.leclercdrive.fr/magasin-079111-Massy-Palaiseau/fiche-produits-322-Cake-anglais-Brossard.aspx",
          "iQteMinPanier": 0,
          "iQteMaxPanier": 1000,
          "sUrlLogoDemandeVocale": "/_res/release/_img/ascWCRS414_PanierBot/picto-commande-vocale.svg?v=638163832640000000",
          "fEstDansDemandeVocale": false,
          "fEstProduitCategorieCommerciale": false,
          "lstMentionsProduit": [],
          "objAvisClient": {
            "IdProduit": 322,
            "IdProduitBZV": 28500,
            "Addon": "AUCUN",
            "Note": {
              "Valeur": 4.0,
              "IdPicto": 161
            },
            "NbAvis": 5
          },
          "sIdUnique": "Produit322"
        },
        "lstEnfants": []
      },
      {
        "objElement": {
          "sNoPointLivraison": "079111",
          "iIdProduit": 46981,
          "iIdRayon": 284321,
          "iIdFamille": 284362,
          "niIdSousFamille": 284367,
          "sType": "Produit",
          "sId": "46981",
          "niIdPhotoEnLigne": 2486662,
          "eIncitationLot": 0,
          "sIdUniqueRayon": "Rayon284321",
          "iIdElementPresentation": 284493,
          "sLibelleLigne1": "Petit cake Bonne Maman",
          "sLibelleLigne2": "Aux fruits - 300g",
          "iQteDisponible": 4,
          "sPrixUnitaire": "3,19 €",
          "fAfficherPrixUnitaire": true,
          "nrPVBRIIDeduit": 3.19,
          "sPrixPromo": "3,19 €",
          "sPrixParUniteDeMesure": "10,63 € / kg",
          "fAfficherPrixParUniteMesure": true,
          "nrPVMesureBRIIDeduit": 10.63,
          "sUrlVignetteProduit": "https://fd7-photos.leclercdrive.fr/image.ashx?id=2486662&use=l&cat=p&typeid=i",
          "fEstBRIIActifEtDisponible": false,
          "fBriiAffichageSticker": false,
          "fPrixAvantageux": false,
          "sUrlLogoBrii": "",
          "sUrlStickerCampagne": "",
          "sTexteLogoBRII": "Promotion BRII",
          "sTexteTooltipLot": "",
          "fEstVisiblePictoPromoTEL": false,
          "sCodeLotHeterogene": "",
          "sUrlLogoTEL": "",
          "sTexteLogoTel": "Promotion TEL",
          "sLibellePictoAjouterProduit": "Ajouter au panier",
          "sLibelleUrlNaviguerRayon": "Voir le rayon",
          "iQuantitePanier": 0,
          "rTotalAPayer": 0.0,
          "sTotalAPayer": "0,00 €",
          "sOrigineZoneDepeche": "",
          "fVoirRayon": false,
          "sUrlVoirRayon": "",
          "eDisponibilite": 0,
          "iIdElementPresentationPrincipale": 284493,
          "fProduitSubstitution": false,
          "sTexteEcoParticipationPrix": "",
          "fAppartientAUneListe": false,
          "sMsgHeaderPopinAuthen": "Vous devez être identifié(e) pour ajouter le produit à vos listes.",
          "fAfficherTexteProduitIndispo": false,
          "sTexteProduitIndispo": "",
          "sTexteProduitIndispoCarte": "",
          "fGainsBRD": false,
          "eTypeProduit": 1,
          "sUrlPageProduit": "https://fd7-courses.leclercdrive.fr/magasin-079111-Massy-Palaiseau/fiche-produits-46981-Petit-cake-Bonne-Maman.aspx",
          "iQteMinPanier": 0,
          "iQteMaxPanier": 1000,
          "sUrlLogoDemandeVocale": "/_res/release/_img/ascWCRS414_PanierBot/picto-commande-vocale.svg?v=638163832640000000",
          "fEstDansDemandeVocale": false,
          "fEstProduitCategorieCommerciale": false,
          "lstMentionsProduit": [],
          "objAvisClient": {
            "IdProduit": 46981,
            "IdProduitBZV": 1095,
            "Addon": "AUCUN",
            "Note": {
              "Valeur": 4.0,
              "IdPicto": 161
            },
            "NbAvis": 4
          },
          "sIdUnique": "Produit46981"
        },
        "lstEnfants": []
      },
      {
        "objElement": {
          "sNoPointLivraison": "079111",
          "iIdProduit": 10766,
          "iIdRayon": 284321,
          "iIdFamille": 284362,
          "niIdSousFamille": 284367,
          "sType": "Produit",
          "sId": "10766",
          "niIdPhotoEnLigne": 1938852,
          "eIncitationLot": 0,
          "sIdUniqueRayon": "Rayon284321",
          "iIdElementPresentation": 284493,
          "sLibelleLigne1": "Pain d&#39;&#233;pices P&#39;tit D&#233;li",
          "sLibelleLigne2": "350g",
          "iQteDisponible": 7,
          "sPrixUnitaire": "1,55 €",
          "fAfficherPrixUnitaire": true,
          "nrPVBRIIDeduit": 1.55,
          "sPrixPromo": "1,55 €",
          "sPrixParUniteDeMesure": "4,43 € / kg",
          "fAfficherPrixParUniteMesure": true,
          "nrPVMesureBRIIDeduit": 4.43,
          "sUrlVignetteProduit": "https://fd7-photos.leclercdrive.fr/image.ashx?id=1938852&use=l&cat=p&typeid=i",
          "fEstBRIIActifEtDisponible": false,
          "fBriiAffichageSticker": false,
          "fPrixAvantageux": false,
          "sUrlLogoBrii": "",
          "sUrlStickerCampagne": "",
          "sTexteLogoBRII": "Promotion BRII",
          "sTexteTooltipLot": "",
          "fEstVisiblePictoPromoTEL": false,
          "sCodeLotHeterogene": "",
          "sUrlLogoTEL": "",
          "sTexteLogoTel": "Promotion TEL",
          "sLibellePictoAjouterProduit": "Ajouter au panier",
          "sLibelleUrlNaviguerRayon": "Voir le rayon",
          "iQuantitePanier": 0,
          "rTotalAPayer": 0.0,
          "sTotalAPayer": "0,00 €",
          "sOrigineZoneDepeche": "",
          "fVoirRayon": false,
          "sUrlVoirRayon": "",
          "eDisponibilite": 0,
          "iIdElementPresentationPrincipale": 284493,
          "fProduitSubstitution": false,
          "sTexteEcoParticipationPrix": "",
          "fAppartientAUneListe": false,
          "sMsgHeaderPopinAuthen": "Vous devez être identifié(e) pour ajouter le produit à vos listes.",
          "fAfficherTexteProduitIndispo": false,
          "sTexteProduitIndispo": "",
          "sTexteProduitIndispoCarte": "",
          "fGainsBRD": false,
          "eTypeProduit": 1,
          "sUrlPageProduit": "https://fd7-courses.leclercdrive.fr/magasin-079111-Massy-Palaiseau/fiche-produits-10766-Pain-depices-Ptit-Deli.aspx",
          "iQteMinPanier": 0,
          "iQteMaxPanier": 1000,
          "sUrlLogoDemandeVocale": "/_res/release/_img/ascWCRS414_PanierBot/picto-commande-vocale.svg?v=638163832640000000",
          "fEstDansDemandeVocale": false,
          "fEstProduitCategorieCommerciale": false,
          "lstMentionsProduit": [],
          "objAvisClient": {
            "IdProduit": 10766,
            "IdProduitBZV": 53342,
            "Addon": "01",
            "Note": {
              "Valeur": 4.5,
              "IdPicto": 162
            },
            "NbAvis": 3
          },
          "sIdUnique": "Produit10766"
        },
        "lstEnfants": []
      },
      {
        "objElement": {
          "sNoPointLivraison": "079111",
          "iIdProduit": 28217,
          "iIdRayon": 284321,
          "iIdFamille": 284362,
          "niIdSousFamille": 284367,
          "sType": "Produit",
          "sId": "28217",
          "niIdPhotoEnLigne": 2355419,
          "eIncitationLot": 0,
          "sIdUniqueRayon": "Rayon284321",
          "iIdElementPresentation": 284493,
          "sLibelleLigne1": "Pain d&#39;&#233;pices Bio Village",
          "sLibelleLigne2": "Miel pr&#233;-tranch&#233; 300g",
          "iQteDisponible": 0,
          "sPrixUnitaire": "1,60 €",
          "fAfficherPrixUnitaire": false,
          "nrPVBRIIDeduit": 1.60,
          "sPrixPromo": "1,60 €",
          "sPrixParUniteDeMesure": "5,33 € / kg",
          "fAfficherPrixParUniteMesure": false,
          "nrPVMesureBRIIDeduit": 5.33,
          "sUrlVignetteProduit": "https://fd7-photos.leclercdrive.fr/image.ashx?id=2355419&use=l&cat=p&typeid=i",
          "fEstBRIIActifEtDisponible": false,
          "fBriiAffichageSticker": false,
          "fPrixAvantageux": false,
          "sUrlLogoBrii": "",
          "sUrlStickerCampagne": "",
          "sTexteLogoBRII": "Promotion BRII",
          "sTexteTooltipLot": "",
          "fEstVisiblePictoPromoTEL": false,
          "sCodeLotHeterogene": "",
          "sUrlLogoTEL": "",
          "sTexteLogoTel": "Promotion TEL",
          "sLibellePictoAjouterProduit": "Ajouter au panier",
          "sLibelleUrlNaviguerRayon": "Voir le rayon",
          "iQuantitePanier": 0,
          "rTotalAPayer": 0.0,
          "sTotalAPayer": "0,00 €",
          "sOrigineZoneDepeche": "",
          "fVoirRayon": false,
          "sUrlVoirRayon": "",
          "eDisponibilite": 1,
          "iIdElementPresentationPrincipale": 284493,
          "fProduitSubstitution": true,
          "sTexteEcoParticipationPrix": "",
          "fAppartientAUneListe": false,
          "sMsgHeaderPopinAuthen": "Vous devez être identifié(e) pour ajouter le produit à vos listes.",
          "fAfficherTexteProduitIndispo": true,
          "sTexteProduitIndispo": "",
          "sTexteProduitIndispoCarte": "",
          "fGainsBRD": false,
          "eTypeProduit": 1,
          "sUrlPageProduit": "https://fd7-courses.leclercdrive.fr/magasin-079111-Massy-Palaiseau/fiche-produits-28217-Pain-depices-Bio-Village.aspx",
          "iQteMinPanier": 0,
          "iQteMaxPanier": 1000,
          "sUrlLogoDemandeVocale": "/_res/release/_img/ascWCRS414_PanierBot/picto-commande-vocale.svg?v=638163832640000000",
          "fEstDansDemandeVocale": false,
          "fEstProduitCategorieCommerciale": false,
          "lstMentionsProduit": [],
          "objAvisClient": {
            "IdProduit": 28217,
            "IdProduitBZV": 18982,
            "Addon": "01",
            "Note": {
              "Valeur": 5.0,
              "IdPicto": 163
            },
            "NbAvis": 2
          },
          "sIdUnique": "Produit28217"
        },
        "lstEnfants": []
      },
      {
        "objElement": {
          "sNoPointLivraison": "079111",
          "iIdProduit": 35230,
          "iIdRayon": 284321,
          "iIdFamille": 284362,
          "niIdSousFamille": 284367,
          "sType": "Produit",
          "sId": "35230",
          "niIdPhotoEnLigne": 2392711,
          "eIncitationLot": 0,
          "sIdUniqueRayon": "Rayon284321",
          "iIdElementPresentation": 284493,
          "sLibelleLigne1": "Nonnettes de Dijon &#224; l&#39;orange",
          "sLibelleLigne2": "Nos R&#233;gions ont du Talent 200g",
          "iQteDisponible": 22,
          "sPrixUnitaire": "5,39 €",
          "fAfficherPrixUnitaire": true,
          "nrPVBRIIDeduit": 5.39,
          "sPrixPromo": "5,39 €",
          "sPrixParUniteDeMesure": "26,95 € / kg",
          "fAfficherPrixParUniteMesure": true,
          "nrPVMesureBRIIDeduit": 26.95,
          "sUrlVignetteProduit": "https://fd7-photos.leclercdrive.fr/image.ashx?id=2392711&use=l&cat=p&typeid=i",
          "fEstBRIIActifEtDisponible": false,
          "fBriiAffichageSticker": false,
          "fPrixAvantageux": false,
          "sUrlLogoBrii": "",
          "sUrlStickerCampagne": "",
          "sTexteLogoBRII": "Promotion BRII",
          "sTexteTooltipLot": "",
          "fEstVisiblePictoPromoTEL": false,
          "sCodeLotHeterogene": "",
          "sUrlLogoTEL": "",
          "sTexteLogoTel": "Promotion TEL",
          "sLibellePictoAjouterProduit": "Ajouter au panier",
          "sLibelleUrlNaviguerRayon": "Voir le rayon",
          "iQuantitePanier": 0,
          "rTotalAPayer": 0.0,
          "sTotalAPayer": "0,00 €",
          "sOrigineZoneDepeche": "",
          "fVoirRayon": false,
          "sUrlVoirRayon": "",
          "eDisponibilite": 0,
          "iIdElementPresentationPrincipale": 284493,
          "fProduitSubstitution": false,
          "sTexteEcoParticipationPrix": "",
          "fAppartientAUneListe": false,
          "sMsgHeaderPopinAuthen": "Vous devez être identifié(e) pour ajouter le produit à vos listes.",
          "fAfficherTexteProduitIndispo": false,
          "sTexteProduitIndispo": "",
          "sTexteProduitIndispoCarte": "",
          "fGainsBRD": false,
          "eTypeProduit": 1,
          "sUrlPageProduit": "https://fd7-courses.leclercdrive.fr/magasin-079111-Massy-Palaiseau/fiche-produits-35230-Nonnettes-de-Dijon-a-lorange.aspx",
          "iQteMinPanier": 0,
          "iQteMaxPanier": 1000,
          "sUrlLogoDemandeVocale": "/_res/release/_img/ascWCRS414_PanierBot/picto-commande-vocale.svg?v=638163832640000000",
          "fEstDansDemandeVocale": false,
          "fEstProduitCategorieCommerciale": false,
          "lstMentionsProduit": [],
          "objAvisClient": {
            "IdProduit": 35230,
            "IdProduitBZV": 43332,
            "Addon": "01"
          },
          "sIdUnique": "Produit35230"
        },
        "lstEnfants": []
      },
      {
        "objElement": {
          "sNoPointLivraison": "079111",
          "iIdProduit": 51318,
          "iIdRayon": 284321,
          "iIdFamille": 284362,
          "niIdSousFamille": 284367,
          "sType": "Produit",
          "sId": "51318",
          "niIdPhotoEnLigne": 2392714,
          "eIncitationLot": 0,
          "sIdUniqueRayon": "Rayon284321",
          "iIdElementPresentation": 284493,
          "sLibelleLigne1": "Nonnettes de Dijon au cassis ",
          "sLibelleLigne2": "Nos R&#233;gions ont Du Talent 200g",
          "iQteDisponible": 12,
          "sPrixUnitaire": "4,99 €",
          "fAfficherPrixUnitaire": true,
          "nrPVBRIIDeduit": 4.99,
          "sPrixPromo": "4,99 €",
          "sPrixParUniteDeMesure": "24,95 € / kg",
          "fAfficherPrixParUniteMesure": true,
          "nrPVMesureBRIIDeduit": 24.95,
          "sUrlVignetteProduit": "https://fd7-photos.leclercdrive.fr/image.ashx?id=2392714&use=l&cat=p&typeid=i",
          "fEstBRIIActifEtDisponible": false,
          "fBriiAffichageSticker": false,
          "fPrixAvantageux": false,
          "sUrlLogoBrii": "",
          "sUrlStickerCampagne": "",
          "sTexteLogoBRII": "Promotion BRII",
          "sTexteTooltipLot": "",
          "fEstVisiblePictoPromoTEL": false,
          "sCodeLotHeterogene": "",
          "sUrlLogoTEL": "",
          "sTexteLogoTel": "Promotion TEL",
          "sLibellePictoAjouterProduit": "Ajouter au panier",
          "sLibelleUrlNaviguerRayon": "Voir le rayon",
          "iQuantitePanier": 0,
          "rTotalAPayer": 0.0,
          "sTotalAPayer": "0,00 €",
          "sOrigineZoneDepeche": "",
          "fVoirRayon": false,
          "sUrlVoirRayon": "",
          "eDisponibilite": 0,
          "iIdElementPresentationPrincipale": 284493,
          "fProduitSubstitution": false,
          "sTexteEcoParticipationPrix": "",
          "fAppartientAUneListe": false,
          "sMsgHeaderPopinAuthen": "Vous devez être identifié(e) pour ajouter le produit à vos listes.",
          "fAfficherTexteProduitIndispo": false,
          "sTexteProduitIndispo": "",
          "sTexteProduitIndispoCarte": "",
          "fGainsBRD": false,
          "eTypeProduit": 1,
          "sUrlPageProduit": "https://fd7-courses.leclercdrive.fr/magasin-079111-Massy-Palaiseau/fiche-produits-51318-Nonnettes-de-Dijon-au-cassis-.aspx",
          "iQteMinPanier": 0,
          "iQteMaxPanier": 1000,
          "sUrlLogoDemandeVocale": "/_res/release/_img/ascWCRS414_PanierBot/picto-commande-vocale.svg?v=638163832640000000",
          "fEstDansDemandeVocale": false,
          "fEstProduitCategorieCommerciale": false,
          "lstMentionsProduit": [],
          "objAvisClient": {
            "IdProduit": 51318,
            "IdProduitBZV": 30585,
            "Addon": "01"
          },
          "sIdUnique": "Produit51318"
        },
        "lstEnfants": []
      },
      {
        "objElement": {
          "sNoPointLivraison": "079111",
          "iIdProduit": 15089,
          "iIdRayon": 284321,
          "iIdFamille": 284362,
          "niIdSousFamille": 284367,
          "sType": "Produit",
          "sId": "15089",
          "niIdPhotoEnLigne": 2238819,
          "eIncitationLot": 0,
          "sIdUniqueRayon": "Rayon284321",
          "iIdElementPresentation": 284367,
          "sLibelleLigne1": "Pain d&#39;&#233;pices Bio au miel Bjorg",
          "sLibelleLigne2": "300g",
          "iQteDisponible": 0,
          "sPrixUnitaire": "1,83 €",
          "fAfficherPrixUnitaire": true,
          "nrPVBRIIDeduit": 1.83,
          "sPrixPromo": "1,83 €",
          "sPrixParUniteDeMesure": "6,10 € / kg",
          "fAfficherPrixParUniteMesure": true,
          "nrPVMesureBRIIDeduit": 6.10,
          "sUrlVignetteProduit": "https://fd7-photos.leclercdrive.fr/image.ashx?id=2238819&use=l&cat=p&typeid=i",
          "fEstBRIIActifEtDisponible": false,
          "fBriiAffichageSticker": false,
          "fPrixAvantageux": false,
          "sUrlLogoBrii": "",
          "sUrlStickerCampagne": "",
          "sTexteLogoBRII": "Promotion BRII",
          "sTexteTooltipLot": "",
          "fEstVisiblePictoPromoTEL": false,
          "sCodeLotHeterogene": "",
          "sUrlLogoTEL": "",
          "sTexteLogoTel": "Promotion TEL",
          "sLibellePictoAjouterProduit": "Ajouter au panier",
          "sLibelleUrlNaviguerRayon": "Voir le rayon",
          "iQuantitePanier": 0,
          "rTotalAPayer": 0.0,
          "sTotalAPayer": "0,00 €",
          "sOrigineZoneDepeche": "",
          "fVoirRayon": false,
          "sUrlVoirRayon": "",
          "eDisponibilite": 1,
          "iIdElementPresentationPrincipale": 284367,
          "fProduitSubstitution": false,
          "sTexteEcoParticipationPrix": "",
          "fAppartientAUneListe": false,
          "sMsgHeaderPopinAuthen": "Vous devez être identifié(e) pour ajouter le produit à vos listes.",
          "fAfficherTexteProduitIndispo": true,
          "sTexteProduitIndispo": "",
          "sTexteProduitIndispoCarte": "",
          "fGainsBRD": false,
          "eTypeProduit": 1,
          "sUrlPageProduit": "https://fd7-courses.leclercdrive.fr/magasin-079111-Massy-Palaiseau/fiche-produits-15089-Pain-depices-Bio-au-miel-Bjorg.aspx",
          "iQteMinPanier": 0,
          "iQteMaxPanier": 1000,
          "sUrlLogoDemandeVocale": "/_res/release/_img/ascWCRS414_PanierBot/picto-commande-vocale.svg?v=638163832640000000",
          "fEstDansDemandeVocale": false,
          "fEstProduitCategorieCommerciale": false,
          "lstMentionsProduit": [],
          "objAvisClient": {
            "IdProduit": 15089,
            "IdProduitBZV": 52215,
            "Addon": "AUCUN"
          },
          "sIdUnique": "Produit15089"
        },
        "lstEnfants": []
      },
      {
        "objElement": {
          "sNoPointLivraison": "079111",
          "iIdProduit": 46472,
          "iIdRayon": 284321,
          "iIdFamille": 284362,
          "niIdSousFamille": 284367,
          "sType": "Produit",
          "sId": "46472",
          "niIdPhotoEnLigne": 2430767,
          "eIncitationLot": 0,
          "sIdUniqueRayon": "Rayon284321",
          "iIdElementPresentation": 293600,
          "sLibelleLigne1": "Pandoro Tradizioni D&#39;italia",
          "sLibelleLigne2": "500g",
          "iQteDisponible": 9,
          "sPrixUnitaire": "5,59 €",
          "fAfficherPrixUnitaire": true,
          "nrPVBRIIDeduit": 5.59,
          "sPrixPromo": "5,59 €",
          "sPrixParUniteDeMesure": "11,18 € / kg",
          "fAfficherPrixParUniteMesure": true,
          "nrPVMesureBRIIDeduit": 11.18,
          "sUrlVignetteProduit": "https://fd7-photos.leclercdrive.fr/image.ashx?id=2430767&use=l&cat=p&typeid=i",
          "fEstBRIIActifEtDisponible": false,
          "fBriiAffichageSticker": false,
          "fPrixAvantageux": false,
          "sUrlLogoBrii": "",
          "sUrlStickerCampagne": "",
          "sTexteLogoBRII": "Promotion BRII",
          "sTexteTooltipLot": "",
          "fEstVisiblePictoPromoTEL": false,
          "sCodeLotHeterogene": "",
          "sUrlLogoTEL": "",
          "sTexteLogoTel": "Promotion TEL",
          "sLibellePictoAjouterProduit": "Ajouter au panier",
          "sLibelleUrlNaviguerRayon": "Voir le rayon",
          "iQuantitePanier": 0,
          "rTotalAPayer": 0.0,
          "sTotalAPayer": "0,00 €",
          "sOrigineZoneDepeche": "",
          "fVoirRayon": false,
          "sUrlVoirRayon": "",
          "eDisponibilite": 0,
          "iIdElementPresentationPrincipale": 293600,
          "fProduitSubstitution": false,
          "sTexteEcoParticipationPrix": "",
          "fAppartientAUneListe": false,
          "sMsgHeaderPopinAuthen": "Vous devez être identifié(e) pour ajouter le produit à vos listes.",
          "fAfficherTexteProduitIndispo": false,
          "sTexteProduitIndispo": "",
          "sTexteProduitIndispoCarte": "",
          "fGainsBRD": false,
          "eTypeProduit": 1,
          "sUrlPageProduit": "https://fd7-courses.leclercdrive.fr/magasin-079111-Massy-Palaiseau/fiche-produits-46472-Pandoro-Tradizioni-Ditalia.aspx",
          "iQteMinPanier": 0,
          "iQteMaxPanier": 1000,
          "sUrlLogoDemandeVocale": "/_res/release/_img/ascWCRS414_PanierBot/picto-commande-vocale.svg?v=638163832640000000",
          "fEstDansDemandeVocale": false,
          "fEstProduitCategorieCommerciale": false,
          "lstMentionsProduit": [],
          "objAvisClient": {
            "IdProduit": 46472,
            "IdProduitBZV": 63610,
            "Addon": "01",
            "Note": {
              "Valeur": 5.0,
              "IdPicto": 163
            },
            "NbAvis": 2
          },
          "sIdUnique": "Produit46472"
        },
        "lstEnfants": []
      },
      {
        "objElement": {
          "sNoPointLivraison": "079111",
          "iIdProduit": 369,
          "iIdRayon": 284321,
          "iIdFamille": 284362,
          "niIdSousFamille": 284369,
          "sType": "Produit",
          "sId": "369",
          "niIdPhotoEnLigne": 1993176,
          "eIncitationLot": 0,
          "sIdUniqueRayon": "Rayon284321",
          "iIdElementPresentation": 294776,
          "sLibelleLigne1": "Marbr&#233; P&#39;tit D&#233;li",
          "sLibelleLigne2": "300g",
          "iQteDisponible": 6,
          "sPrixUnitaire": "1,72 €",
          "fAfficherPrixUnitaire": true,
          "nrPVBRIIDeduit": 1.72,
          "sPrixPromo": "1,72 €",
          "sPrixParUniteDeMesure": "5,73 € / kg",
          "fAfficherPrixParUniteMesure": true,
          "nrPVMesureBRIIDeduit": 5.73,
          "sUrlVignetteProduit": "https://fd7-photos.leclercdrive.fr/image.ashx?id=1993176&use=l&cat=p&typeid=i",
          "fEstBRIIActifEtDisponible": false,
          "fBriiAffichageSticker": false,
          "fPrixAvantageux": false,
          "sUrlLogoBrii": "",
          "sUrlStickerCampagne": "",
          "sTexteLogoBRII": "Promotion BRII",
          "sTexteTooltipLot": "",
          "fEstVisiblePictoPromoTEL": false,
          "sCodeLotHeterogene": "",
          "sUrlLogoTEL": "",
          "sTexteLogoTel": "Promotion TEL",
          "sLibellePictoAjouterProduit": "Ajouter au panier",
          "sLibelleUrlNaviguerRayon": "Voir le rayon",
          "iQuantitePanier": 0,
          "rTotalAPayer": 0.0,
          "sTotalAPayer": "0,00 €",
          "sOrigineZoneDepeche": "",
          "fVoirRayon": false,
          "sUrlVoirRayon": "",
          "eDisponibilite": 0,
          "iIdElementPresentationPrincipale": 294776,
          "fProduitSubstitution": false,
          "sTexteEcoParticipationPrix": "",
          "fAppartientAUneListe": false,
          "sMsgHeaderPopinAuthen": "Vous devez être identifié(e) pour ajouter le produit à vos listes.",
          "fAfficherTexteProduitIndispo": false,
          "sTexteProduitIndispo": "",
          "sTexteProduitIndispoCarte": "",
          "fGainsBRD": false,
          "eTypeProduit": 1,
          "sUrlPageProduit": "https://fd7-courses.leclercdrive.fr/magasin-079111-Massy-Palaiseau/fiche-produits-369-Marbre-Ptit-Deli.aspx",
          "iQteMinPanier": 0,
          "iQteMaxPanier": 1000,
          "sUrlLogoDemandeVocale": "/_res/release/_img/ascWCRS414_PanierBot/picto-commande-vocale.svg?v=638163832640000000",
          "fEstDansDemandeVocale": false,
          "fEstProduitCategorieCommerciale": false,
          "lstMentionsProduit": [],
          "objAvisClient": {
            "IdProduit": 369,
            "IdProduitBZV": 54924,
            "Addon": "01",
            "Note": {
              "Valeur": 5.0,
              "IdPicto": 163
            },
            "NbAvis": 2
          },
          "sIdUnique": "Produit369"
        },
        "lstEnfants": []
      },
      {
        "objElement": {
          "sNoPointLivraison": "079111",
          "iIdProduit": 19604,
          "iIdRayon": 284321,
          "iIdFamille": 284362,
          "niIdSousFamille": 284369,
          "sType": "Produit",
          "sId": "19604",
          "niIdPhotoEnLigne": 2059086,
          "eIncitationLot": 0,
          "sIdUniqueRayon": "Rayon284321",
          "iIdElementPresentation": 294776,
          "sLibelleLigne1": "G&#226;teaux P&#39;tit D&#233;li",
          "sLibelleLigne2": "A base de yaourt x7 - 189g",
          "iQteDisponible": 12,
          "sPrixUnitaire": "1,79 €",
          "fAfficherPrixUnitaire": true,
          "nrPVBRIIDeduit": 1.79,
          "sPrixPromo": "1,79 €",
          "sPrixParUniteDeMesure": "9,47 € / kg",
          "fAfficherPrixParUniteMesure": true,
          "nrPVMesureBRIIDeduit": 9.47,
          "sUrlVignetteProduit": "https://fd7-photos.leclercdrive.fr/image.ashx?id=2059086&use=l&cat=p&typeid=i",
          "fEstBRIIActifEtDisponible": false,
          "fBriiAffichageSticker": false,
          "fPrixAvantageux": false,
          "sUrlLogoBrii": "",
          "sUrlStickerCampagne": "",
          "sTexteLogoBRII": "Promotion BRII",
          "sTexteTooltipLot": "",
          "fEstVisiblePictoPromoTEL": false,
          "sCodeLotHeterogene": "",
          "sUrlLogoTEL": "",
          "sTexteLogoTel": "Promotion TEL",
          "sLibellePictoAjouterProduit": "Ajouter au panier",
          "sLibelleUrlNaviguerRayon": "Voir le rayon",
          "iQuantitePanier": 0,
          "rTotalAPayer": 0.0,
          "sTotalAPayer": "0,00 €",
          "sOrigineZoneDepeche": "",
          "fVoirRayon": false,
          "sUrlVoirRayon": "",
          "eDisponibilite": 0,
          "iIdElementPresentationPrincipale": 294776,
          "fProduitSubstitution": false,
          "sTexteEcoParticipationPrix": "",
          "fAppartientAUneListe": false,
          "sMsgHeaderPopinAuthen": "Vous devez être identifié(e) pour ajouter le produit à vos listes.",
          "fAfficherTexteProduitIndispo": false,
          "sTexteProduitIndispo": "",
          "sTexteProduitIndispoCarte": "",
          "fGainsBRD": false,
          "eTypeProduit": 1,
          "sUrlPageProduit": "https://fd7-courses.leclercdrive.fr/magasin-079111-Massy-Palaiseau/fiche-produits-19604-Gateaux-Ptit-Deli.aspx",
          "iQteMinPanier": 0,
          "iQteMaxPanier": 1000,
          "sUrlLogoDemandeVocale": "/_res/release/_img/ascWCRS414_PanierBot/picto-commande-vocale.svg?v=638163832640000000",
          "fEstDansDemandeVocale": false,
          "fEstProduitCategorieCommerciale": false,
          "lstMentionsProduit": [],
          "objAvisClient": {
            "IdProduit": 19604,
            "IdProduitBZV": 10570,
            "Addon": "00",
            "Note": {
              "Valeur": 5.0,
              "IdPicto": 163
            },
            "NbAvis": 1
          },
          "sIdUnique": "Produit19604"
        },
        "lstEnfants": []
      },
      {
        "objElement": {
          "sNoPointLivraison": "079111",
          "iIdProduit": 73785,
          "iIdRayon": 284321,
          "iIdFamille": 284362,
          "niIdSousFamille": 284369,
          "sType": "Produit",
          "sId": "73785",
          "niIdPhotoEnLigne": 2347504,
          "eIncitationLot": 0,
          "sIdUniqueRayon": "Rayon284321",
          "iIdElementPresentation": 284369,
          "sLibelleLigne1": "Gateaux fourrage chocolat Eco+",
          "sLibelleLigne2": "x14 - 420g",
          "iQteDisponible": 6,
          "sPrixUnitaire": "1,94 €",
          "fAfficherPrixUnitaire": true,
          "nrPVBRIIDeduit": 1.94,
          "sPrixPromo": "1,94 €",
          "sPrixParUniteDeMesure": "4,62 € / kg",
          "fAfficherPrixParUniteMesure": true,
          "nrPVMesureBRIIDeduit": 4.62,
          "sUrlVignetteProduit": "https://fd7-photos.leclercdrive.fr/image.ashx?id=2347504&use=l&cat=p&typeid=i",
          "fEstBRIIActifEtDisponible": false,
          "fBriiAffichageSticker": false,
          "fPrixAvantageux": false,
          "sUrlLogoBrii": "",
          "sUrlStickerCampagne": "",
          "sTexteLogoBRII": "Promotion BRII",
          "sTexteTooltipLot": "",
          "fEstVisiblePictoPromoTEL": false,
          "sCodeLotHeterogene": "",
          "sUrlLogoTEL": "",
          "sTexteLogoTel": "Promotion TEL",
          "sLibellePictoAjouterProduit": "Ajouter au panier",
          "sLibelleUrlNaviguerRayon": "Voir le rayon",
          "iQuantitePanier": 0,
          "rTotalAPayer": 0.0,
          "sTotalAPayer": "0,00 €",
          "sOrigineZoneDepeche": "",
          "fVoirRayon": false,
          "sUrlVoirRayon": "",
          "eDisponibilite": 0,
          "iIdElementPresentationPrincipale": 284369,
          "fProduitSubstitution": false,
          "sTexteEcoParticipationPrix": "",
          "fAppartientAUneListe": false,
          "sMsgHeaderPopinAuthen": "Vous devez être identifié(e) pour ajouter le produit à vos listes.",
          "fAfficherTexteProduitIndispo": false,
          "sTexteProduitIndispo": "",
          "sTexteProduitIndispoCarte": "",
          "fGainsBRD": false,
          "eTypeProduit": 1,
          "sUrlPageProduit": "https://fd7-courses.leclercdrive.fr/magasin-079111-Massy-Palaiseau/fiche-produits-73785-Gateaux-fourrage-chocolat-Eco.aspx",
          "iQteMinPanier": 0,
          "iQteMaxPanier": 1000,
          "sUrlLogoDemandeVocale": "/_res/release/_img/ascWCRS414_PanierBot/picto-commande-vocale.svg?v=638163832640000000",
          "fEstDansDemandeVocale": false,
          "fEstProduitCategorieCommerciale": false,
          "lstMentionsProduit": [],
          "objAvisClient": {
            "IdProduit": 73785,
            "IdProduitBZV": 32274,
            "Addon": "00",
            "Note": {
              "Valeur": 4.5,
              "IdPicto": 162
            },
            "NbAvis": 6
          },
          "sIdUnique": "Produit73785"
        },
        "lstEnfants": []
      },
      {
        "objElement": {
          "sNoPointLivraison": "079111",
          "iIdProduit": 31107,
          "iIdRayon": 284321,
          "iIdFamille": 284362,
          "niIdSousFamille": 284369,
          "sType": "Produit",
          "sId": "31107",
          "niIdPhotoEnLigne": 2211197,
          "eIncitationLot": 0,
          "sIdUniqueRayon": "Rayon284321",
          "iIdElementPresentation": 294776,
          "sLibelleLigne1": "G&#226;teau P&#39;tit D&#233;li",
          "sLibelleLigne2": "Tout chocolat 300g",
          "iQteDisponible": 7,
          "sPrixUnitaire": "1,94 €",
          "fAfficherPrixUnitaire": true,
          "nrPVBRIIDeduit": 1.94,
          "sPrixPromo": "1,94 €",
          "sPrixParUniteDeMesure": "6,47 € / kg",
          "fAfficherPrixParUniteMesure": true,
          "nrPVMesureBRIIDeduit": 6.47,
          "sUrlVignetteProduit": "https://fd7-photos.leclercdrive.fr/image.ashx?id=2211197&use=l&cat=p&typeid=i",
          "fEstBRIIActifEtDisponible": false,
          "fBriiAffichageSticker": false,
          "fPrixAvantageux": false,
          "sUrlLogoBrii": "",
          "sUrlStickerCampagne": "",
          "sTexteLogoBRII": "Promotion BRII",
          "sTexteTooltipLot": "",
          "fEstVisiblePictoPromoTEL": false,
          "sCodeLotHeterogene": "",
          "sUrlLogoTEL": "",
          "sTexteLogoTel": "Promotion TEL",
          "sLibellePictoAjouterProduit": "Ajouter au panier",
          "sLibelleUrlNaviguerRayon": "Voir le rayon",
          "iQuantitePanier": 0,
          "rTotalAPayer": 0.0,
          "sTotalAPayer": "0,00 €",
          "sOrigineZoneDepeche": "",
          "fVoirRayon": false,
          "sUrlVoirRayon": "",
          "eDisponibilite": 0,
          "iIdElementPresentationPrincipale": 294776,
          "fProduitSubstitution": false,
          "sTexteEcoParticipationPrix": "",
          "fAppartientAUneListe": false,
          "sMsgHeaderPopinAuthen": "Vous devez être identifié(e) pour ajouter le produit à vos listes.",
          "fAfficherTexteProduitIndispo": false,
          "sTexteProduitIndispo": "",
          "sTexteProduitIndispoCarte": "",
          "fGainsBRD": false,
          "eTypeProduit": 1,
          "sUrlPageProduit": "https://fd7-courses.leclercdrive.fr/magasin-079111-Massy-Palaiseau/fiche-produits-31107-Gateau-Ptit-Deli.aspx",
          "iQteMinPanier": 0,
          "iQteMaxPanier": 1000,
          "sUrlLogoDemandeVocale": "/_res/release/_img/ascWCRS414_PanierBot/picto-commande-vocale.svg?v=638163832640000000",
          "fEstDansDemandeVocale": false,
          "fEstProduitCategorieCommerciale": false,
          "lstMentionsProduit": [],
          "objAvisClient": {
            "IdProduit": 31107,
            "IdProduitBZV": 54645,
            "Addon": "01",
            "Note": {
              "Valeur": 5.0,
              "IdPicto": 163
            },
            "NbAvis": 5
          },
          "sIdUnique": "Produit31107"
        },
        "lstEnfants": []
      },
      {
        "objElement": {
          "sNoPointLivraison": "079111",
          "iIdProduit": 137437,
          "iIdRayon": 284321,
          "iIdFamille": 284362,
          "niIdSousFamille": 284369,
          "sType": "Produit",
          "sId": "137437",
          "niIdPhotoEnLigne": 2212261,
          "eIncitationLot": 0,
          "sIdUniqueRayon": "Rayon284321",
          "iIdElementPresentation": 294776,
          "sLibelleLigne1": "gateau Savane Brossard",
          "sLibelleLigne2": "Chocolat - 310g",
          "iQteDisponible": 5,
          "sPrixUnitaire": "2,46 €",
          "fAfficherPrixUnitaire": true,
          "nrPVBRIIDeduit": 2.46,
          "sPrixPromo": "2,46 €",
          "sPrixParUniteDeMesure": "7,94 € / kg",
          "fAfficherPrixParUniteMesure": true,
          "nrPVMesureBRIIDeduit": 7.94,
          "sUrlVignetteProduit": "https://fd7-photos.leclercdrive.fr/image.ashx?id=2212261&use=l&cat=p&typeid=i",
          "fEstBRIIActifEtDisponible": false,
          "fBriiAffichageSticker": false,
          "fPrixAvantageux": false,
          "sUrlLogoBrii": "",
          "sUrlStickerCampagne": "",
          "sTexteLogoBRII": "Promotion BRII",
          "sTexteTooltipLot": "",
          "fEstVisiblePictoPromoTEL": false,
          "sCodeLotHeterogene": "",
          "sUrlLogoTEL": "",
          "sTexteLogoTel": "Promotion TEL",
          "sLibellePictoAjouterProduit": "Ajouter au panier",
          "sLibelleUrlNaviguerRayon": "Voir le rayon",
          "iQuantitePanier": 0,
          "rTotalAPayer": 0.0,
          "sTotalAPayer": "0,00 €",
          "sOrigineZoneDepeche": "",
          "fVoirRayon": false,
          "sUrlVoirRayon": "",
          "eDisponibilite": 0,
          "iIdElementPresentationPrincipale": 294776,
          "fProduitSubstitution": false,
          "sTexteEcoParticipationPrix": "",
          "fAppartientAUneListe": false,
          "sMsgHeaderPopinAuthen": "Vous devez être identifié(e) pour ajouter le produit à vos listes.",
          "fAfficherTexteProduitIndispo": false,
          "sTexteProduitIndispo": "",
          "sTexteProduitIndispoCarte": "",
          "fGainsBRD": false,
          "eTypeProduit": 1,
          "sUrlPageProduit": "https://fd7-courses.leclercdrive.fr/magasin-079111-Massy-Palaiseau/fiche-produits-137437-gateau-Savane-Brossard.aspx",
          "iQteMinPanier": 0,
          "iQteMaxPanier": 1000,
          "sUrlLogoDemandeVocale": "/_res/release/_img/ascWCRS414_PanierBot/picto-commande-vocale.svg?v=638163832640000000",
          "fEstDansDemandeVocale": false,
          "fEstProduitCategorieCommerciale": false,
          "lstMentionsProduit": [],
          "objAvisClient": {
            "IdProduit": 137437,
            "IdProduitBZV": 46414,
            "Addon": "AUCUN",
            "Note": {
              "Valeur": 5.0,
              "IdPicto": 163
            },
            "NbAvis": 1
          },
          "sIdUnique": "Produit137437"
        },
        "lstEnfants": []
      },
      {
        "objElement": {
          "sNoPointLivraison": "079111",
          "iIdProduit": 136445,
          "iIdRayon": 284321,
          "iIdFamille": 284362,
          "niIdSousFamille": 284369,
          "sType": "Produit",
          "sId": "136445",
          "niIdPhotoEnLigne": 2212258,
          "eIncitationLot": 0,
          "sIdUniqueRayon": "Rayon284321",
          "iIdElementPresentation": 294776,
          "sLibelleLigne1": "Gateau marbr&#233; Savane",
          "sLibelleLigne2": "Chocolat - 310g",
          "iQteDisponible": 10,
          "sPrixUnitaire": "2,46 €",
          "fAfficherPrixUnitaire": true,
          "nrPVBRIIDeduit": 2.46,
          "sPrixPromo": "2,46 €",
          "sPrixParUniteDeMesure": "7,94 € / kg",
          "fAfficherPrixParUniteMesure": true,
          "nrPVMesureBRIIDeduit": 7.94,
          "sUrlVignetteProduit": "https://fd7-photos.leclercdrive.fr/image.ashx?id=2212258&use=l&cat=p&typeid=i",
          "fEstBRIIActifEtDisponible": false,
          "fBriiAffichageSticker": false,
          "fPrixAvantageux": false,
          "sUrlLogoBrii": "",
          "sUrlStickerCampagne": "",
          "sTexteLogoBRII": "Promotion BRII",
          "sTexteTooltipLot": "",
          "fEstVisiblePictoPromoTEL": false,
          "sCodeLotHeterogene": "",
          "sUrlLogoTEL": "",
          "sTexteLogoTel": "Promotion TEL",
          "sLibellePictoAjouterProduit": "Ajouter au panier",
          "sLibelleUrlNaviguerRayon": "Voir le rayon",
          "iQuantitePanier": 0,
          "rTotalAPayer": 0.0,
          "sTotalAPayer": "0,00 €",
          "sOrigineZoneDepeche": "",
          "fVoirRayon": false,
          "sUrlVoirRayon": "",
          "eDisponibilite": 0,
          "iIdElementPresentationPrincipale": 294776,
          "fProduitSubstitution": false,
          "sTexteEcoParticipationPrix": "",
          "fAppartientAUneListe": false,
          "sMsgHeaderPopinAuthen": "Vous devez être identifié(e) pour ajouter le produit à vos listes.",
          "fAfficherTexteProduitIndispo": false,
          "sTexteProduitIndispo": "",
          "sTexteProduitIndispoCarte": "",
          "fGainsBRD": false,
          "eTypeProduit": 1,
          "sUrlPageProduit": "https://fd7-courses.leclercdrive.fr/magasin-079111-Massy-Palaiseau/fiche-produits-136445-Gateau-marbre-Savane.aspx",
          "iQteMinPanier": 0,
          "iQteMaxPanier": 1000,
          "sUrlLogoDemandeVocale": "/_res/release/_img/ascWCRS414_PanierBot/picto-commande-vocale.svg?v=638163832640000000",
          "fEstDansDemandeVocale": false,
          "fEstProduitCategorieCommerciale": false,
          "lstMentionsProduit": [],
          "objAvisClient": {
            "IdProduit": 136445,
            "IdProduitBZV": 24196,
            "Addon": "AUCUN",
            "Note": {
              "Valeur": 3.0,
              "IdPicto": 159
            },
            "NbAvis": 1
          },
          "sIdUnique": "Produit136445"
        },
        "lstEnfants": []
      },
      {
        "objElement": {
          "sNoPointLivraison": "079111",
          "iIdProduit": 178948,
          "iIdRayon": 284321,
          "iIdFamille": 284362,
          "niIdSousFamille": 284369,
          "sType": "Produit",
          "sId": "178948",
          "niIdPhotoEnLigne": 2412882,
          "eIncitationLot": 0,
          "sIdUniqueRayon": "Rayon284321",
          "iIdElementPresentation": 294776,
          "sLibelleLigne1": "G&#226;teau Savane Brossard",
          "sLibelleLigne2": "Tout chocolat pocket x7 210g",
          "iQteDisponible": 12,
          "sPrixUnitaire": "2,35 €",
          "fAfficherPrixUnitaire": true,
          "nrPVBRIIDeduit": 2.35,
          "sPrixPromo": "2,35 €",
          "sPrixParUniteDeMesure": "11,19 € / kg",
          "fAfficherPrixParUniteMesure": true,
          "nrPVMesureBRIIDeduit": 11.19,
          "sUrlVignetteProduit": "https://fd7-photos.leclercdrive.fr/image.ashx?id=2412882&use=l&cat=p&typeid=i",
          "fEstBRIIActifEtDisponible": false,
          "fBriiAffichageSticker": false,
          "fPrixAvantageux": false,
          "sUrlLogoBrii": "",
          "sUrlStickerCampagne": "",
          "sTexteLogoBRII": "Promotion BRII",
          "sTexteTooltipLot": "",
          "fEstVisiblePictoPromoTEL": false,
          "sCodeLotHeterogene": "",
          "sUrlLogoTEL": "",
          "sTexteLogoTel": "Promotion TEL",
          "sLibellePictoAjouterProduit": "Ajouter au panier",
          "sLibelleUrlNaviguerRayon": "Voir le rayon",
          "iQuantitePanier": 0,
          "rTotalAPayer": 0.0,
          "sTotalAPayer": "0,00 €",
          "sOrigineZoneDepeche": "",
          "fVoirRayon": false,
          "sUrlVoirRayon": "",
          "eDisponibilite": 0,
          "iIdElementPresentationPrincipale": 294776,
          "fProduitSubstitution": false,
          "sTexteEcoParticipationPrix": "",
          "fAppartientAUneListe": false,
          "sMsgHeaderPopinAuthen": "Vous devez être identifié(e) pour ajouter le produit à vos listes.",
          "fAfficherTexteProduitIndispo": false,
          "sTexteProduitIndispo": "",
          "sTexteProduitIndispoCarte": "",
          "fGainsBRD": false,
          "eTypeProduit": 1,
          "sUrlPageProduit": "https://fd7-courses.leclercdrive.fr/magasin-079111-Massy-Palaiseau/fiche-produits-178948-Gateau-Savane-Brossard.aspx",
          "iQteMinPanier": 0,
          "iQteMaxPanier": 1000,
          "sUrlLogoDemandeVocale": "/_res/release/_img/ascWCRS414_PanierBot/picto-commande-vocale.svg?v=638163832640000000",
          "fEstDansDemandeVocale": false,
          "fEstProduitCategorieCommerciale": false,
          "lstMentionsProduit": [],
          "objAvisClient": {
            "IdProduit": 178948,
            "IdProduitBZV": 117183,
            "Addon": "AUCUN"
          },
          "sIdUnique": "Produit178948"
        },
        "lstEnfants": []
      },
      {
        "objElement": {
          "sNoPointLivraison": "079111",
          "iIdProduit": 54386,
          "iIdRayon": 284321,
          "iIdFamille": 284362,
          "niIdSousFamille": 284369,
          "sType": "Produit",
          "sId": "54386",
          "niIdPhotoEnLigne": 2416538,
          "eIncitationLot": 0,
          "sIdUniqueRayon": "Rayon284321",
          "iIdElementPresentation": 284369,
          "sLibelleLigne1": "G&#226;teau multicouche P&#39;tit D&#233;li",
          "sLibelleLigne2": "Genoise fourr&#233; chocolat - 175g",
          "iQteDisponible": 2,
          "sPrixUnitaire": "1,19 €",
          "fAfficherPrixUnitaire": true,
          "nrPVBRIIDeduit": 1.19,
          "sPrixPromo": "1,19 €",
          "sPrixParUniteDeMesure": "6,80 € / kg",
          "fAfficherPrixParUniteMesure": true,
          "nrPVMesureBRIIDeduit": 6.80,
          "sUrlVignetteProduit": "https://fd7-photos.leclercdrive.fr/image.ashx?id=2416538&use=l&cat=p&typeid=i",
          "fEstBRIIActifEtDisponible": false,
          "fBriiAffichageSticker": false,
          "fPrixAvantageux": false,
          "sUrlLogoBrii": "",
          "sUrlStickerCampagne": "",
          "sTexteLogoBRII": "Promotion BRII",
          "sTexteTooltipLot": "",
          "fEstVisiblePictoPromoTEL": false,
          "sCodeLotHeterogene": "",
          "sUrlLogoTEL": "",
          "sTexteLogoTel": "Promotion TEL",
          "sLibellePictoAjouterProduit": "Ajouter au panier",
          "sLibelleUrlNaviguerRayon": "Voir le rayon",
          "iQuantitePanier": 0,
          "rTotalAPayer": 0.0,
          "sTotalAPayer": "0,00 €",
          "sOrigineZoneDepeche": "",
          "fVoirRayon": false,
          "sUrlVoirRayon": "",
          "eDisponibilite": 0,
          "iIdElementPresentationPrincipale": 284369,
          "fProduitSubstitution": false,
          "sTexteEcoParticipationPrix": "",
          "fAppartientAUneListe": false,
          "sMsgHeaderPopinAuthen": "Vous devez être identifié(e) pour ajouter le produit à vos listes.",
          "fAfficherTexteProduitIndispo": false,
          "sTexteProduitIndispo": "",
          "sTexteProduitIndispoCarte": "",
          "fGainsBRD": false,
          "eTypeProduit": 1,
          "sUrlPageProduit": "https://fd7-courses.leclercdrive.fr/magasin-079111-Massy-Palaiseau/fiche-produits-54386-Gateau-multicouche-Ptit-Deli.aspx",
          "iQteMinPanier": 0,
          "iQteMaxPanier": 1000,
          "sUrlLogoDemandeVocale": "/_res/release/_img/ascWCRS414_PanierBot/picto-commande-vocale.svg?v=638163832640000000",
          "fEstDansDemandeVocale": false,
          "fEstProduitCategorieCommerciale": false,
          "lstMentionsProduit": [],
          "objAvisClient": {
            "IdProduit": 54386,
            "IdProduitBZV": 63682,
            "Addon": "01",
            "Note": {
              "Valeur": 4.0,
              "IdPicto": 161
            },
            "NbAvis": 13
          },
          "sIdUnique": "Produit54386"
        },
        "lstEnfants": []
      },
      {
        "objElement": {
          "sNoPointLivraison": "079111",
          "iIdProduit": 13506,
          "iIdRayon": 284321,
          "iIdFamille": 284362,
          "niIdSousFamille": 284369,
          "sType": "Produit",
          "sId": "13506",
          "niIdPhotoEnLigne": 2400532,
          "eIncitationLot": 0,
          "sIdUniqueRayon": "Rayon284321",
          "iIdElementPresentation": 293600,
          "sLibelleLigne1": "G&#226;teau Creusois aux noisettes",
          "sLibelleLigne2": "Nos R&#233;gions ont du Talent 350g",
          "iQteDisponible": 24,
          "sPrixUnitaire": "4,59 €",
          "fAfficherPrixUnitaire": true,
          "nrPVBRIIDeduit": 4.59,
          "sPrixPromo": "4,59 €",
          "sPrixParUniteDeMesure": "13,11 € / kg",
          "fAfficherPrixParUniteMesure": true,
          "nrPVMesureBRIIDeduit": 13.11,
          "sUrlVignetteProduit": "https://fd7-photos.leclercdrive.fr/image.ashx?id=2400532&use=l&cat=p&typeid=i",
          "fEstBRIIActifEtDisponible": false,
          "fBriiAffichageSticker": false,
          "fPrixAvantageux": false,
          "sUrlLogoBrii": "",
          "sUrlStickerCampagne": "",
          "sTexteLogoBRII": "Promotion BRII",
          "sTexteTooltipLot": "",
          "fEstVisiblePictoPromoTEL": false,
          "sCodeLotHeterogene": "",
          "sUrlLogoTEL": "",
          "sTexteLogoTel": "Promotion TEL",
          "sLibellePictoAjouterProduit": "Ajouter au panier",
          "sLibelleUrlNaviguerRayon": "Voir le rayon",
          "iQuantitePanier": 0,
          "rTotalAPayer": 0.0,
          "sTotalAPayer": "0,00 €",
          "sOrigineZoneDepeche": "",
          "fVoirRayon": false,
          "sUrlVoirRayon": "",
          "eDisponibilite": 0,
          "iIdElementPresentationPrincipale": 293600,
          "fProduitSubstitution": false,
          "sTexteEcoParticipationPrix": "",
          "fAppartientAUneListe": false,
          "sMsgHeaderPopinAuthen": "Vous devez être identifié(e) pour ajouter le produit à vos listes.",
          "fAfficherTexteProduitIndispo": false,
          "sTexteProduitIndispo": "",
          "sTexteProduitIndispoCarte": "",
          "fGainsBRD": false,
          "eTypeProduit": 1,
          "sUrlPageProduit": "https://fd7-courses.leclercdrive.fr/magasin-079111-Massy-Palaiseau/fiche-produits-13506-Gateau-Creusois-aux-noisettes.aspx",
          "iQteMinPanier": 0,
          "iQteMaxPanier": 1000,
          "sUrlLogoDemandeVocale": "/_res/release/_img/ascWCRS414_PanierBot/picto-commande-vocale.svg?v=638163832640000000",
          "fEstDansDemandeVocale": false,
          "fEstProduitCategorieCommerciale": false,
          "lstMentionsProduit": [],
          "objAvisClient": {
            "IdProduit": 13506,
            "IdProduitBZV": 7977,
            "Addon": "00",
            "Note": {
              "Valeur": 4.0,
              "IdPicto": 161
            },
            "NbAvis": 1
          },
          "sIdUnique": "Produit13506"
        },
        "lstEnfants": []
      },
      {
        "objElement": {
          "sNoPointLivraison": "079111",
          "iIdProduit": 9181,
          "iIdRayon": 284321,
          "iIdFamille": 284362,
          "niIdSousFamille": 284369,
          "sType": "Produit",
          "sId": "9181",
          "niIdPhotoEnLigne": 2342090,
          "eIncitationLot": 0,
          "sIdUniqueRayon": "Rayon284321",
          "iIdElementPresentation": 293600,
          "sLibelleLigne1": "Chinois La Fourn&#233;e Dor&#233;e",
          "sLibelleLigne2": "Cr&#232;me p&#226;tissi&#232;re - 600g",
          "iQteDisponible": 15,
          "sPrixUnitaire": "2,76 €",
          "fAfficherPrixUnitaire": true,
          "nrPVBRIIDeduit": 2.76,
          "sPrixPromo": "2,76 €",
          "sPrixParUniteDeMesure": "4,60 € / kg",
          "fAfficherPrixParUniteMesure": true,
          "nrPVMesureBRIIDeduit": 4.60,
          "sUrlVignetteProduit": "https://fd7-photos.leclercdrive.fr/image.ashx?id=2342090&use=l&cat=p&typeid=i",
          "fEstBRIIActifEtDisponible": false,
          "fBriiAffichageSticker": false,
          "fPrixAvantageux": false,
          "sUrlLogoBrii": "",
          "sUrlStickerCampagne": "",
          "sTexteLogoBRII": "Promotion BRII",
          "sTexteTooltipLot": "",
          "fEstVisiblePictoPromoTEL": false,
          "sCodeLotHeterogene": "",
          "sUrlLogoTEL": "",
          "sTexteLogoTel": "Promotion TEL",
          "sLibellePictoAjouterProduit": "Ajouter au panier",
          "sLibelleUrlNaviguerRayon": "Voir le rayon",
          "iQuantitePanier": 0,
          "rTotalAPayer": 0.0,
          "sTotalAPayer": "0,00 €",
          "sOrigineZoneDepeche": "",
          "fVoirRayon": false,
          "sUrlVoirRayon": "",
          "eDisponibilite": 0,
          "iIdElementPresentationPrincipale": 293600,
          "fProduitSubstitution": false,
          "sTexteEcoParticipationPrix": "",
          "fAppartientAUneListe": false,
          "sMsgHeaderPopinAuthen": "Vous devez être identifié(e) pour ajouter le produit à vos listes.",
          "fAfficherTexteProduitIndispo": false,
          "sTexteProduitIndispo": "",
          "sTexteProduitIndispoCarte": "",
          "fGainsBRD": false,
          "eTypeProduit": 1,
          "sUrlPageProduit": "https://fd7-courses.leclercdrive.fr/magasin-079111-Massy-Palaiseau/fiche-produits-9181-Chinois-La-Fournee-Doree.aspx",
          "iQteMinPanier": 0,
          "iQteMaxPanier": 1000,
          "sUrlLogoDemandeVocale": "/_res/release/_img/ascWCRS414_PanierBot/picto-commande-vocale.svg?v=638163832640000000",
          "fEstDansDemandeVocale": false,
          "fEstProduitCategorieCommerciale": false,
          "lstMentionsProduit": [],
          "objAvisClient": {
            "IdProduit": 9181,
            "IdProduitBZV": 39842,
            "Addon": "AUCUN",
            "Note": {
              "Valeur": 4.0,
              "IdPicto": 161
            },
            "NbAvis": 7
          },
          "sIdUnique": "Produit9181"
        },
        "lstEnfants": []
      }
    ]
  }
}